3060 4858
451 407 499 454 nu
524 403 739 462 ruunurnus
763 403 1068 454 nuuuurnrrururr.
1239 379 1306 458 85⁷

209 546 492 598 lsodetosisbrshsntur:
508 544 552 610 qui
570 561 628 603 nou
639 554 667 594 ur
685 553 799 596 toetstum'
810 546 867 596 iecit
884 547 1056 595 ‘Aueniuuenes
1072 545 1165 604 Orntdr,
1183 562 1197 594 s
1213 548 1301 600 Solone

209 629 254 676 luit
263 628 318 676 olim
327 627 457 684 intitutss,
468 626 627 690 temporisque
634 628 743 683 decursu,
753 627 839 684 isrssn,
851 627 995 684 obliterstus,
1006 625 1090 675 revixit
1099 629 1194 677 undem
1205 629 1304 694 integer,

206 721 237 756 so
248 708 373 772 presertim
385 715 498 771 ternpore,
513 721 561 771 qno
577 705 714 762 biisrbsms,
732 706 849 756 Grneisrn
865 707 1013 768 invadentes,
1029 708 1181 772 prodigorum
1190 709 1220 757 sd
1230 709 1303 759 ther.

208 788 325 852 rnopylss·
356 787 398 836 Ad
409 787 544 836 umbiliourn
559 786 610 850 jsru
626 788 730 836 deduots
745 787 881 836 lnudetione
891 787 1169 845 nornrnorebsturluuus,
1179 791 1303 854 poegehstr

207 870 292 930 quesd
303 868 380 917 losum
392 869 527 933 sepulture,
537 883 592 932 qusr
611 875 699 924 temen,
715 883 793 932 neque
811 868 880 916 unior
889 867 962 926 rnodi,
974 883 1051 932 neque
1062 869 1131 918 nnius
1147 869 1194 918 loni
1212 885 1304 936 semper

205 946 260 1004 init,
279 949 321 996 sed
332 949 578 1012 rsrisprohorninum
596 949 704 997 instituto
721 956 792 1012 etque
809 948 929 1012 religione.
959 948 1091 1012 ‘Principio
1109 965 1163 998 suos
1174 951 1304 1005 relerehsnt

207 1035 310 1076 mertuos
321 1029 465 1093 proprisssri
483 1029 556 1089 eries,
566 1029 646 1092 ibique
664 1028 718 1076 illos
735 1028 897 1078 tumulsheut:
915 1029 958 1076 iros
968 1028 1039 1077 lares
1054 1029 1174 1087 dioebrrnt,
1183 1038 1208 1080 et
1217 1033 1302 1083 domus
1399 1096 1401 1100 Ι

117 1119 120 1124 ·
205 1105 324 1156 Tutelnris
341 1109 454 1158 Numine.
483 1107 606 1173 Temporis
623 1123 679 1156 reso
694 1123 812 1172 processu,
829 1109 961 1156 retsntibus
980 1108 1079 1172 legibus,
1096 1111 1162 1159 neisr
1177 1111 1223 1160 luit
1240 1113 1302 1162 intrs

206 1185 294 1236 Urbem
304 1187 422 1238 bonum
431 1190 538 1253 sepellre,
546 1203 594 1254 qus
601 1190 664 1238 dere
674 1189 779 1238 ensctius
788 1191 895 1253 posthso.
920 1189 976 1238 Due
986 1206 1042 1239 rero
1056 1193 1160 1240 extitisse
1175 1194 1301 1256 sepulturss

204 1279 291 1328 genere
299 1270 365 1331 npnrl
376 1269 542 1328 Athenienses,
560 1285 630 1320 uerno
648 1278 686 1318 est
703 1269 745 1332 qui
755 1269 866 1333 subiget.
896 1270 931 1319 At
941 1271 997 1319 mihi
1007 1272 1103 1335 quidem
1113 1273 1299 1338 untiquissirnun

204 1346 330 1409 mpsltnrss
341 1363 415 1413 gersus
425 1347 450 1398 id
460 1350 532 1400 luisse
549 1351 650 1408 ridetur,
668 1350 745 1413 inquit
762 1349 861 1405 Tullius,
880 1365 928 1414 quo
946 1352 1010 1414 spud
1029 1351 1210 1416 Xenophontem
1221 1354 1300 1419 Cyrus

204 1425 284 1476 uttsrn
317 1427 434 1478 Redditur
451 1432 513 1479 eninr
532 1441 598 1480 terre
616 1447 710 1496 eorpus,
730 1438 755 1480 et
774 1431 808 1480 its
827 1431 937 1488 loentum,
948 1433 1065 1490 scritum,
1075 1434 1142 1497 qussi
1153 1435 1299 1498 operimento

116 1509 120 1516 '
204 1505 422 1560 mhisobdonitsr.
432 1510 506 1560 ‘Nun
513 1519 538 1561 et
545 1511 645 1561 Athenis
651 1512 747 1577 jsmllle
756 1528 806 1561 mos
816 1511 952 1577 sCeurope,
961 1514 1066 1572 uteiunt,
1076 1516 1299 1580 penunneit,eorpus

202 1593 262 1636 terre
272 1589 393 1648 burnendi,
403 1605 538 1657 quomrum
549 1595 648 1659 proximi
663 1595 775 1652 tuerent,
786 1595 935 1657 obductsqoe
952 1604 1011 1644 terre
1029 1602 1085 1651 erst.
1094 1596 1198 1655 frugibus
1208 1597 1301 1646 obiere.

205 1668 280 1725 bstrrr,
297 1671 403 1730 utrlnus,
413 1681 438 1722 et
448 1674 568 1737 gremium,
577 1673 643 1737 qussi
655 1673 741 1729 metris,
751 1674 845 1723 mortuis
853 1674 991 1723 tribueretur
1001 1691 1008 1734 3
1024 1675 1099 1722 solum
1107 1683 1185 1724 sutem
1192 1676 1298 1740 frugibus

202 1749 330 1812 esphturn,
350 1759 376 1800 ut
395 1754 453 1802 sirie
462 1755 604 1804 redderetur.
636 1754 787 1804 Humstionis
796 1762 873 1803 tenren
892 1755 1004 1819 jusanen
1022 1753 1137 1803 immerito
1145 1757 1297 1806 turbsteem·

202 1829 289 1896 lumin,
299 1845 388 1897 susque
397 1835 493 1883 mordis
503 1837 533 1885 sd
557 1835 676 1885 'Herculis
691 1836 775 1885 referet
784 1845 894 1886 mteterur
910 1834 952 1901 qui
967 1837 1084 1886 Arciteunr
1095 1836 1213 1901 Lyoyrnni
1223 1837 1296 1887 hlium

202 1910 259 1958 orbo
269 1899 361 1975 pelenti
376 1913 519 1963 eternorum
535 1913 645 1973 restitnit,
656 1923 683 1964 ut
692 1916 821 1965 declineret
831 1917 964 1981 perjurium.
997 1916 1102 1965 Obserro
1112 1923 1190 1966 tsnren
1205 1919 1236 1965 sd
1252 1919 1296 1967 80-

201 1991 270 2040 trntis
280 2006 355 2058 neque
365 2002 469 2058 tenrponr
481 2005 604 2062 utrumque
618 1997 744 2060 sepulture
764 1998 859 2045 modurn
868 1997 940 2046 inisse
950 1997 975 2044 in
992 2011 1045 2054 usu,
1063 1997 1127 2061 quod
1138 2013 1167 2045 eu
1177 1997 1296 2046 morientis

149 2124 154 2138 Ι
201 2071 458 2124 rerhisinfihedone
472 2079 579 2140 opposite
589 2080 726 2142 assequeris.
758 2079 826 2128 Licet
835 2077 1041 2141 reroreligionese
1053 2078 1295 2141 tenerirespourierint

202 2153 356 2203 Athenienses
367 2158 391 2204 S.
402 2156 529 2220 ttirrlpieio,
540 2173 571 2206 ne
583 2158 690 2206 Marcelli
708 2160 808 2207 mdever
824 2159 884 2207 intre
900 2160 979 2207 urlrem
989 2158 1130 2222 sepelirent;
1148 2166 1242 2206 movent
1256 2161 1294 2208 ind

202 2239 281 2282 tnuren
291 2236 464 2286 rneiisrismrte
491 2235 619 2287 bAuutores
637 2251 723 2287 rnorem
742 2241 813 2288 luisse
833 2239 930 2297 oreon,
942 2240 978 2288 rel
998 2240 1021 2287 in
1039 2239 1140 2288 eiritetis
1151 2238 1293 2302 meditullio,

201 2313 301 2378 ipsoque
320 2317 380 2375 foro,
396 2319 471 2367 cleros
487 2319 548 2367 viror
565 2319 678 2383 sepellre:
701 2319 824 2369 'Theseum
842 2321 910 2369 nobis
928 2320 1034 2369 obtrudit
1059 2320 1205 2376 Pintsmirus,
1224 2319 1293 2383 eujus

201 2407 256 2443 osse
266 2412 281 2444 s
291 2397 391 2446 Cimone
407 2399 431 2446 in
449 2413 492 2447 sur
511 2399 595 2448 triremi
605 2400 738 2463 deportate,
757 2407 853 2449 ornrrtrs
865 2400 1021 2450 Athenienses
1031 2401 1114 2449 eximin
1123 2400 1259 2449 celebritste
1269 2405 1295 2449 et
1351 2467 1353 2472 Ι

159 2473 166 2482 ’
200 2476 326 2534 numeru,
337 2479 516 2529 sieutredueenr
527 2480 603 2544 ipsum
621 2483 651 2529 sd
670 2483 750 2530 urbem
767 2488 917 2546 exceperunt,
934 2495 962 2531 so
978 2481 1055 2530 medie
1070 2481 1179 2531 conditus
1189 2489 1225 2530 est
1235 2481 1292 2530 urhe

201 2569 272 2619 prope
283 2559 442 2622 gymnesium,
456 2561 521 2624 qnod
532 2573 594 2609 nune
608 2567 658 2610 est:
675 2574 808 2626 quenquam
823 2577 870 2610 non
882 2561 990 2618 diffiteor,
1001 2562 1209 2625 frequentissimum
1220 2561 1292 2610 tuine

199 2637 341 2700 sepuitorem
354 2640 379 2688 in
391 2639 521 2690 Gemino.
552 2639 621 2690 kDuu
633 2657 687 2691 rero
698 2642 798 2692 Athenis
808 2644 988 2692 nurnersbsntur
998 2641 1121 2698 Cemrnici,
1131 2657 1192 2689 nnus
1202 2641 1226 2689 in
1235 2641 1293 2691 elrl·

184 2718 398 2775 ·tste,slterestrn
413 2721 541 2780 clritstern,
551 2723 591 2771 ubi
609 2723 754 2787 sepeliebant
771 2739 820 2781 eor,
837 2723 879 2788 qui
897 2724 922 2771 in
941 2723 1002 2771 helio
1020 2721 1169 2778 eeeidinont,
1186 2721 1293 2786 inibique

198 2796 306 2848 funebres
316 2801 431 2850 erutiones
445 2803 599 2861 habebuntur,
609 2803 633 2850 in
646 2803 720 2851 sltero
729 2804 816 2852 etenim
831 2811 907 2852 scorto
918 2803 1066 2866 prestebsnt:
1083 2803 1165 2850 mirum
1179 2818 1210 2850 ne
1220 2817 1291 2866 supe·

198 2877 253 2934 rior,
262 2887 287 2926 et
305 2880 434 2930 hustnnriss
444 2883 528 2930 eluerit
541 2885 642 2932 moeehes
659 2885 777 2948 ‘Spuri-ns
800 2881 831 2933 ht
847 2892 998 2932 monuments
1016 2883 1099 2947 lupus!
1135 2883 1198 2931 Illud
1212 2891 1289 2931 temen

198 2959 367 3010 enimsdrertss
376 2963 444 3012 relirn
455 2977 485 3012 ex
496 2963 639 3023 ¹'Psusunin,
649 2979 696 3014 non
707 2981 788 3014 omnes
801 2966 825 3013 in
836 2965 956 3015 Cernrnieo
966 2963 1100 3021 tumuletur,
1114 2963 1155 3011 sed
1167 2963 1290 3027 plurimum

197 3038 319 3089 illustrium
336 3043 435 3090 virerum
456 3052 544 3107 pertern
558 3044 628 3109 jnxts
645 3045 752 3109 publices
769 3043 818 3093 rise
834 3045 938 3108 sepulcre
956 3043 1078 3092 hebuisser
1096 3043 1242 3106 primumque
1257 3044 1290 3099 ei,

198 3135 251 3185 qure
269 3137 297 3170 ex
317 3121 402 3188 Pyrno
413 3123 479 3173 ducit
489 3127 519 3173 sd
536 3125 633 3184 Urbem,
647 3125 847 3189 adjunctstuisse,
859 3124 994 3180 Menandri,
1004 3121 1125 3187 Diupitirir
1135 3122 1186 3180 filii,
1205 3129 1229 3170 et
1239 3121 1290 3170 En·

197 3200 293 3263 ripiriisr
312 3201 552 3267 incuriis'praeieres
571 3205 628 3269 ipsis
644 3211 709 3253 entre
728 3205 816 3260 urheru,
827 3211 852 3251 et
870 3203 895 3250 in
911 3202 955 3250 riis
972 3203 1056 3266 possim
1068 3201 1171 3250 Deorum
1191 3200 1287 3265 templs,

197 3283 301 3340 heroum,
322 3291 348 3331 et
373 3285 493 3332 hominum
514 3285 586 3334 luisse
607 3285 721 3348 sepulcre,
741 3285 803 3333 inter
828 3299 882 3347 quse
901 3283 1000 3348 primurn
1020 3281 1111 3332 obtinet
1126 3281 1180 3346 jure
1208 3282 1286 3330 loonrn

196 3359 338 3426 ihrrsyhuli
356 3361 415 3428 Lyei
434 3363 484 3422 filil,
504 3363 600 3414 Periclis
616 3365 718 3428 insuper,
736 3363 852 3420 Chnhrire,
870 3363 1025 3420 Phorurionis,
1042 3361 1147 3412 Cononis
1157 3362 1251 3419 deinde,
1263 3370 1288 3410 et

194 3434 321 3489 'limotlrei
354 3441 429 3508 Atqui
450 3445 553 3492 tumulus
572 3443 700 3492 rtnrueu
713 3451 778 3492 erint
798 3445 823 3490 in
842 3442 914 3492 Portu
931 3442 1034 3500 Phsleri,
1051 3457 1119 3506 quem
1137 3442 1168 3498 ei,
1186 3457 1239 3490 euru
1256 3455 1288 3489 ne

98 3519 103 3530 '
196 3531 298 3569 sumtum
310 3523 404 3587 quidem
416 3522 505 3573 funeris
515 3523 654 3588 reliquisset,
666 3523 758 3588 poblite
772 3523 850 3572 ierunt
859 3524 954 3572 fectum.
987 3522 1122 3572 fintenum
1134 3521 1288 3570 suumomni·

226 3731 320 3794 ¹Apuri
331 3731 394 3780 l'iut.
406 3733 431 3780 in
444 3731 498 3781 vus
505 3731 606 3781 Solonis.
760 3745 794 3778 rr.
807 3731 859 3780 udr.
871 3729 903 3781 G.

225 3795 316 3844 bPisto
327 3796 351 3844 iu
363 3795 454 3847 Minoi.
474 3795 599 3846 Serviani.
610 3795 668 3844 AEu.
787 3793 904 3845 ¹1nvnu

225 3867 239 3892 e
247 3860 308 3908 Plet.
320 3859 337 3910 l.
347 3877 371 3910 e.
790 3857 802 3891 ¹
816 3859 900 3908 Suides
910 3861 934 3908 in
943 3859 978 3908 K.
987 3858 1166 3908 Demosthenes.
1182 3858 1284 3911 Philest.

223 3923 298 3974 11(110.
310 3941 340 3974 11.
351 3927 382 3973 de
393 3925 427 3974 1ae
442 3959 450 3974 ,
757 3920 775 3970 l.
790 3937 808 3971 t.
823 3923 853 3970 de
865 3923 921 3970 Vlia
938 3924 1042 3987 Sophlsi.
1053 3923 1129 3974 Clem.
1140 3921 1209 3972 Alex.
1219 3923 1284 3974 Sito-

225 3995 235 4020 ‘
246 3989 351 4038 Andron.
363 3990 426 4040 Hist.
458 3989 544 4037 ustntlr.
553 3989 584 4041 ll.
592 3995 620 4038 A.
757 3988 828 4034 nuth.
840 3987 870 4037 V.
881 3987 960 4039 Schol.
968 3987 1088 4051 Aristoph.
1097 3987 1122 4034 ln
1133 3987 1218 4052 Eqmu

224 4051 310 4100 'Pluto
323 4055 347 4100 in
359 4055 441 4102 Phed.
789 4047 797 4082 ¹
807 4051 911 4101 Mertisl.
923 4052 964 4101 lib.
974 4067 992 4103 r.
1002 4050 1121 4117 Epigrsru.

222 4117 271 4166 ¹C.
281 4119 344 4166 Sere.
355 4119 422 4181 Sulp.
430 4117 455 4165 in
464 4117 540 4182 Epist.
547 4118 576 4165 sd
587 4116 638 4166 Cio.
789 4123 808 4148 ²
818 4113 847 4161 lu
859 4115 952 4166 Atticis.

224 4179 235 4213 i
247 4181 316 4232 Psui.
328 4183 351 4230 in
363 4183 437 4233 Attio.
453 4183 526 4247 Diog.
540 4182 615 4232 laert
627 4183 652 4230 in
669 4183 717 4230 sits
789 4179 876 4230 ”Plut
888 4181 913 4228 in
922 4180 986 4232 virs.

189 4243 299 4311 Xenoph.
312 4247 330 4298 l.
343 4263 389 4297 urs.
399 4247 509 4314 Thucyd.
526 4249 542 4298 l.
551 4264 575 4296 r.
590 4244 679 4298 Amoh.
701 4249 717 4299 l.
