3066 4848
232 419 239 436 ’
264 393 351 464 ruat
614 411 721 460 uorsa
745 409 943 460 νιιιιοιιιιιι
971 409 1009 458 ιιι

263 555 399 622 legendum
418 562 467 619 est,
488 554 510 606 si
531 553 713 604 anctoritatem
730 568 791 618 qna·
830 553 873 602 iile
895 559 960 602 orat.
980 566 1028 616 pro
1050 551 1089 599 Μ.
1111 549 1252 600 Marcello-t
1275 548 1361 598 ‘Ant

265 642 324 684 tuor
339 633 462 682 librorum
481 630 722 693 manuscriptorum,
738 629 792 694 qui·
829 628 889 676 dum
901 628 1032 692 leguntur,
1044 627 1157 690 obstrepi
1169 626 1282 676 clamore
1291 626 1362 675 mili·

264 708 372 758 buscuni
392 706 558 756 consentiunt
573 705 688 769 impressi
707 704 791 755 Paris.
829 710 883 752 tuni
897 703 1034 752 videntur!
1050 703 1133 752 lamb.
1166 703 1259 762 Miror,
1272 703 1361 766 inquit

264 785 359 835 Veneti
379 783 544 848 antiquiores,
560 782 698 846 coquimur.
720 782 792 829 deni·
828 781 967 843 interpres,
978 793 1012 828 er
1024 780 1102 828 verbo
1113 779 1239 840 absoluto,
1255 780 1361 844 patiens

265 877 316 927 que
334 861 401 910 lianc
423 860 578 923 scripturam
598 858 715 921 agnoscit
735 857 791 905 l’ri-
828 853 893 904 fieri.
927 855 977 905 Sed
988 869 1072 903 nonne
1085 854 1216 917 dicebaut,
1233 855 1241 881 ‘
1251 853 1299 902 lile
1311 861 1361 902 aut

264 938 365 987 sciauus
377 936 422 986 tio.
434 940 458 984 8.
475 934 527 984 Sed
538 948 596 997 ego,
612 941 639 982 et
656 931 727 982 libris
739 948 791 982 orn·
828 931 872 982 ille
886 932 1020 983 uocetnri’
1036 934 1104 997 quod
1116 933 1184 982 idern
1196 939 1246 981 est.
1264 931 1325 981 Fui.

264 1014 339 1062 aihu
350 1011 562 1076 repugnantibus,
573 1017 600 1058 et
609 1008 752 1071 Prisciauo,
769 1008 792 1058 si
862 1014 908 1058 1⁵7
927 1010 976 1059 Res
993 1007 1135 1070 remoratur]
1160 1011 1269 1057 Crescere
1286 1023 1360 1056 asora

264 1091 308 1139 lric
317 1089 411 1139 mendo
421 1096 505 1150 caret,
522 1087 686 1145 reclamante,
695 1087 792 1134 turdus-
829 1085 862 1135 B.
873 1085 976 1145 vitiose,
987 1091 1017 1134 nt
1027 1092 1085 1134 etse
1093 1083 1229 1133 remoretur.
1247 1083 1361 1131 Crocon.

265 1170 306 1215 tur
322 1163 457 1227 tegendum
477 1169 551 1227 puto,
568 1162 697 1212 sententia
715 1163 792 1224 longe
863 1164 910 1209 luti
927 1159 985 1208 Suis
1006 1176 1018 1206 e
1038 1159 1147 1223 partitas
1167 1157 1250 1219 ιιιιιιιιι]
1283 1158 1306 1206 1.
1334 1171 1359 1207 e.

267 1241 381 1305 planiore
397 1245 423 1290 ei
441 1239 615 1289 concinniore.
656 1235 793 1288 QuiuPri-
830 1232 925 1286 effecta
945 1247 1023 1284 ιιιιιιιιι
1045 1248 1149 1297 corpus,
1175 1240 1254 1297 atque
1279 1245 1361 1280 nuum

267 1317 382 1365 sciauum
408 1322 436 1364 et
457 1315 537 1364 libros
554 1313 720 1362 Lucretianos
736 1325 793 1362 cor·
831 1315 914 1359 totum
924 1325 939 1360 e
949 1311 1001 1359 suis
1014 1309 1140 1374 partibus.
1152 1308 1200 1356 ltoc
1215 1307 1289 1367 dicit,
1305 1321 1360 1356 non

266 1400 357 1455 ruptos
372 1405 430 1440 essa
447 1389 576 1439 arbitror:
593 1396 621 1437 et
639 1403 654 1438 s
671 1389 792 1439 Lucretio
828 1385 1054 1450 quodsiguificsre
1067 1386 1137 1446 velit,
1151 1397 1261 1447 corpora
1277 1383 1363 1446 prims

266 1481 297 1516 sc
309 1467 442 1516 Prisciano
458 1465 719 1526 turdortarscriptum
735 1475 793 1512 csse
831 1461 947 1524 partibus
967 1468 1097 1522 constare,
1120 1459 1166 1508 red
1189 1465 1219 1508 ut
1238 1457 1361 1507 ostendat

266 1542 394 1591 existimo.
426 1542 609 1590 Verumtamen
616 1539 738 1603 judicent
746 1541 794 1590 tiso
831 1532 1361 1596 essainliucts,scsolidissimasicsnprs

266 1617 338 1666 dere
353 1617 457 1667 eruditi.
473 1616 556 1666 Ιιιιιιιὸ.
591 1614 794 1678 Legendumpu·
832 1618 855 1662 i.
872 1616 929 1662 stu.
961 1611 1048 1664 ‘Quas
1066 1609 1176 1659 minimis
1195 1609 1294 1672 stipata
1315 1621 1360 1656 co·

267 1700 307 1743 tat
324 1693 464 1743 Lambinus
480 1693 614 1748 tardantur,
635 1693 643 1718 ‘
661 1692 702 1739 uei
720 1691 794 1741 libris
831 1689 933 1738 herent
950 1687 1066 1752 partibus
1087 1693 1174 1736 arcte:
1194 1686 1253 1735 Nou
1271 1699 1304 1734 ex
1321 1683 1360 1732 ni·

267 1767 403 1832 omnibus,'
430 1768 522 1832 inquit,
547 1767 794 1817 ‘reclamantibw’
829 1763 912 1811 lorum
923 1769 1052 1813 consentu
1063 1761 1209 1824 conciliata,
1218 1760 1269 1810 Sed
1281 1759 1360 1823 magii

266 1841 359 1902 miror3
386 1843 555 1906 nequeenim
575 1857 685 1907 nuquam
702 1844 793 1892 melius
832 1833 1259 1901 reternspollentissimplicitste.'
1278 1834 1360 1884 hoii.

267 1918 404 1968 Lucretius
426 1919 525 1968 locutus
542 1926 593 1969 ost.
626 1919 678 1971 Qui
702 1919 729 1968 in
750 1933 794 1968 an·
865 1919 912 1963 liii
930 1913 1052 1976 Corsico]
1073 1913 1118 1962 Sic
1141 1911 1289 1976 legendum,
1308 1926 1361 1960 nen

269 1999 345 2056 gusto
367 1992 449 2056 aditu,
471 2009 527 2044 eum
553 2009 645 2058 magna
664 1995 794 2044 homiuum
830 2004 952 2038 eunuco.-
985 2001 1128 2053 quanquam
1159 1987 1360 2038 reclamantibus

267 2068 405 2119 multitudo
422 2077 473 2132 est,
487 2070 669 2132 mactamur,
684 2071 701 2120 it
719 2071 795 2120 facile
831 2063 949 2113 omnibus
962 2063 1022 2114 libr.
1038 2063 1207 2126 manuscript.
1218 2070 1246 2113 et
1256 2064 1362 2127 impres·

268 2143 368 2207 vident,
404 2147 500 2195 nullutn
535 2147 670 2196 dubitandi
708 2147 791 2196 locum
831 2140 876 2202 sis,
911 2146 1010 2203 praeter
1042 2139 1157 2188 Venetos
1193 2139 1362 2189 recentiores.

266 2217 355 2269 fuisse.
375 2220 432 2270 Fau.
454 2221 794 2271 Reclamantiburornnibus
830 2214 914 2264 IM-
949 2215 1057 2263 cmi!
1068 2214 1095 2263 5¹¹
1111 2212 1242 2263 '‘tefibffl
1256 2213 1362 2278 (inim

268 2294 351 2357 libris,
362 2296 501 2346 Lambinus
512 2298 577 2360 legit
589 2300 730 2347 tardantur:
748 2299 794 2347 Fs·
831 2293 899 2342 dam.
932 2292 1052 2356 vulgati:
1080 2306 1192 2340 mmo«.
1213 2296 1242 2339 ut
1260 2298 1289 2340 ct
1305 2291 1362 2340 Ma·

268 2367 315 2416 ber
341 2369 420 2418 libros
440 2373 564 2434 sequitur,
581 2379 610 2420 et
630 2372 712 2433 addit,
730 2386 794 2422 nun·
833 2369 890 2417 rull.
911 2367 964 2426 Gis.
999 2366 1223 2428 Hiclocusrulgo
1239 2366 1361 2414 malecu-

266 2456 344 2505 quam
361 2442 452 2491 meiius
468 2442 605 2494 Lucretius
621 2445 723 2494 loeutus
747 2454 795 2496 est.
832 2443 955 2506 plicatur,
976 2443 1021 2508 qui
1040 2443 1141 2492 scilicet
1164 2443 1231 2490 male
1251 2441 1362 2503 legatur.

267 2517 321 2570 Qui
330 2518 357 2568 in
368 2524 479 2582 angusto
491 2519 571 2576 aditu,
582 2535 639 2570 cnm
650 2534 740 2582 magna
752 2523 795 2571 ho·
831 2521 875 2570 Sic
886 2522 953 2570 euim
965 2520 1096 2569 emendari
1108 2519 1235 2584 oportuit,
1250 2519 1293 2581 At,
1310 2533 1363 2580 pac

269 2594 365 2646 minum
386 2594 525 2644 multitudo
546 2605 596 2658 est,
615 2595 797 2660 σννιιθίσθησιιν,
832 2602 887 2644 sunt
898 2597 972 2644 solido
985 2597 1117 2658 primordio
1128 2594 1288 2658 simplicitate,
1303 2595 1363 2643 Cusas

268 2669 305 2718 ilii
325 2669 403 2720 facile
425 2671 516 2720 rident
539 2672 637 2721 nullum
659 2671 795 2723 dubitandi
830 2684 875 2732 per
885 2670 955 2720 isare
966 2675 1363 2732 menstruosumserresmors·

268 2743 453 2795 locuml'uisse.
487 2745 554 2794 Haec
572 2746 680 2807 llic,sad
692 2749 794 2811 remip·
833 2749 875 2793 iar
888 2743 1027 2808 Ullusoris,
1042 2744 1222 2807 quisipsrssis
1235 2744 1363 2807 epartidus

268 2831 323 2867 sam
345 2833 397 2867 non
420 2820 521 2882 attigit:
546 2823 643 2871 semina
662 2838 721 2886 qum
740 2837 795 2872 cor·
833 2835 914 2884 saum,
925 2821 1363 2885 Uasm,irsqsesicoepereiocursm·

268 2907 332 2957 pora
353 2907 422 2957 rara,
448 2896 535 2960 qualis
555 2906 615 2946 suot
636 2897 702 2947 radii
727 2899 797 2961 solis,
833 2897 1019 2956 suaseramus.
1043 2899 1364 2948 Natussntemcrrorest

266 2972 438 3036 constituunt,
458 2973 510 3022 cita
535 2973 653 3035 diusiiire,
673 2980 702 3024 et
720 2975 795 3038 longe
836 2971 863 3019 lx
884 2973 928 3031 τῆς
945 2971 1084 3036 rspspaoias
1104 2973 1238 3036 scriptoris
1258 2972 1364 3040 librarii,

268 3059 403 3096 recursare
423 3047 518 3097 assant
537 3048 682 3111 Lucretius,
705 3051 795 3099 horum
833 3050 877 3114 qui
896 3056 957 3099 ante
976 3053 1065 3101 oculos
1082 3050 1194 3100 ilabebat
1210 3065 1312 3100 versurus
1334 3053 1364 3100 il·

267 3136 329 3172 vero
338 3122 652 3190 dissilientiumiongeqne
662 3139 796 3176 recursau·
833 3125 897 3186 lum,
914 3125 973 3175 ‘At
990 3125 1059 3191 quo'
1071 3159 1078 3176 .
1090 3156 1113 3176 ..
1126 3160 1133 3176 .
1144 3126 1225 3175 Docti
1243 3126 1364 3189 viderint,

268 3198 332 3248 tium
357 3212 515 3250 communem
536 3213 633 3250 motuni
656 3201 795 3252 tardiorem
834 3199 1036 3266 doctiloquum.
1053 3201 1112 3252 Ful.
1129 3201 1229 3250 Eusori.
1262 3202 1362 3252 Recte:

268 3271 324 3324 fore
344 3275 401 3338 quis
419 3289 471 3340 uon
491 3275 613 3339 percipit,
631 3275 740 3341 ideoque
757 3291 796 3334 se·
834 3281 862 3325 ct
881 3274 980 3324 frustra
1001 3277 1116 3324 connexu
1135 3275 1238 3338 legitur.
1269 3277 1365 3327 creet

267 3349 337 3399 mins
348 3349 416 3399 iuter
427 3365 455 3399 se
467 3349 580 3400 retrahi?
598 3350 693 3400 Graeci.
834 3351 892 3402 Suis
909 3367 922 3400 e
936 3351 1046 3420 purtim
1063 3365 1144 3414 ιιιιιιιιι,
1162 3351 1241 3400 Ursas
1256 3353 1282 3402 tn
1298 3367 1365 3416 ςιιιιι

300 3425 335 3474 Et
353 3425 433 3488 utro]
453 3426 521 3475 llum
541 3426 609 3475 eninr
628 3423 796 3475 effunduntur
832 3430 1030 3492 matroneum,
1041 3429 1095 3492 do]
1118 3431 1187 3479 Satis
1202 3431 1228 3478 iu
1245 3430 1365 3480 curanda·

268 3513 301 3548 ex
321 3501 398 3563 globo
421 3501 491 3562 solis,
512 3499 675 3565 undiquaque
692 3500 726 3549 ab
744 3515 795 3550 sm·
833 3503 1010 3566 tionibua,ubl
1021 3505 1364 3569 dePaliliogis,&c.osten·

268 3573 356 3626 biente
368 3577 428 3626 aire
439 3575 593 3627 officiuntur.
611 3576 671 3626 Ful.
833 3579 927 3642 dimus,
938 3593 990 3643 qus
1005 3580 1107 3630 ratione
1123 3580 1164 3629 liic
1180 3580 1253 3629 locus
1269 3581 1365 3630 intelli·

302 3656 347 3701 ltu
366 3653 519 3719 officiuntur]
538 3655 606 3703 Mire
618 3653 740 3702 esverlso
751 3653 795 3703 ab·
834 3655 933 3718 gendes
953 3662 1040 3706 esset:
1062 3656 1108 3704 sed
1128 3657 1189 3720 quis
1205 3656 1365 3720 deprelraodi

269 3726 355 3775 soluto
380 3729 463 3792 ficio,
490 3727 593 3791 patiens
615 3726 679 3778 iecit
699 3730 795 3793 ψὴν.
834 3731 910 3780 aliter
922 3732 1020 3780 sentire
1036 3731 1198 3793 Lambinum,
1214 3731 1272 3795 ejus
1286 3733 1367 3782 rurba

268 3801 299 3851 ld
321 3801 388 3866 quod
408 3811 482 3852 notat
502 3803 652 3852 Priscianus
671 3817 703 3852 eo
720 3817 796 3868 quem
834 3805 977 3870 proferam,
992 3805 1035 3856 ⁴1.
1054 3821 1078 3856 c.
1097 3804 1193 3855 effecta
1208 3821 1286 3856 uuum
1308 3821 1366 3858 cor·

268 3876 322 3926 dixi
332 3877 404 3927 libro.
425 3876 494 3927 Hinc
503 3877 668 3942 participium
681 3879 796 3942 offertus.-
834 3895 894 3944 pus,
912 3887 990 3945 atque
1010 3895 1087 3929 unuin
1106 3885 1188 3930 toturn
1205 3894 1220 3930 e
1237 3883 1289 3931 suis
1305 3897 1366 3946 pan

269 3955 374 4004 Lucret.
392 3952 437 4001 lib.
456 3959 480 4004 6.
500 3957 558 4003 ild.
591 3955 702 4005 ‘Quove
720 3955 798 4005 ruodo
836 3957 920 4006 tibus:
938 3957 988 4006 hoc
999 3957 1072 4019 dicit,
1081 3970 1131 4006 uon
1141 3957 1210 4021 quod
1217 3957 1368 4020 significare

269 4026 578 4081 soleantoffectolumine
594 4031 797 4095 obire'officius·
835 4032 911 4093 velit,
930 4046 1041 4096 corpora
1064 4033 1146 4096 prima
1169 4034 1286 4097 partibus
1305 4049 1369 4086 con-
1441 4091 1444 4096 ,

268 4112 402 4156 iurantem
412 4103 617 4154 valetobsiaudo
625 4111 652 4152 et
660 4102 797 4156 officiendo
836 4115 915 4168 stare,
929 4107 975 4156 sod
992 4114 1021 4156 ut
1035 4109 1158 4159 ostendat
1175 4123 1231 4158 esse
1246 4109 1370 4174 infracta,

269 4179 453 4243 impediuntur.
485 4178 528 4229 Sic
547 4179 585 4228 Μ.
602 4178 668 4228 Tuli.
686 4180 798 4230 acerbo
836 4197 866 4232 sc
877 4182 1048 4232 solidissima!
1065 4185 1180 4234 Fallitur.
1188 4185 1240 4234 hoc
1248 4193 1368 4238 tanturn:

269 4253 720 4320 ‘obstrepo,’iecit‘obatrapor.’aic
730 4254 799 4304 euim
835 4257 899 4308 ostis
910 4258 979 4308 enim
997 4273 1052 4309 esse
1068 4259 1149 4310 debat
1164 4259 1234 4326 quod
1250 4275 1369 4314 errorem
