3060 4858
257 363 324 430 858
581 377 717 428 nsnnn
742 375 1036 426 snrnsnvsnsro

258 521 312 580 hus,
329 519 372 585 qui
386 525 429 567 ant
442 515 573 575 narahhus,
581 525 625 565 aut
639 517 782 566 omuibus
792 515 879 580 praeliis
891 532 933 580 pro
942 516 1018 581 patria
1028 522 1125 566 mortem
1135 515 1293 581 oppeo'erani,
1303 533 1355 568 aare

258 609 405 656 numentum,
423 599 470 647 illis
487 599 600 662 exceptis,
618 599 659 662 qui
678 599 710 646 ad
727 597 892 647 Marathonem
916 598 1060 654 oeeidensnt,
1082 598 1170 661 periere
1191 600 1232 646 ubi
1249 597 1354 648 locorum

258 683 382 732 Persarum
403 680 495 728 circiter
510 695 549 728 ser
571 678 645 726 millia
664 684 769 728 ueocnta
786 693 816 726 ea
827 678 971 736 ursorum,
989 677 1168 730 Atheniensium
1188 695 1242 726 vero
1257 687 1354 728 cernue

259 759 389 825 nonaginta
407 761 465 808 dno.
508 759 555 808 His
573 775 637 816 aero,
656 761 751 816 eodenn
766 775 815 822 quo
835 761 1001 816 occubuerant,
1019 760 1072 808 loco
1089 761 1196 823 sepulcra
1215 760 1246 806 ad
1264 759 1355 808 rirtatia

260 843 394 890 moriam
404 847 499 902 erecta3
516 839 575 888 alios
594 855 676 888 omnes
692 839 718 888 in
735 839 782 895 ria,
793 854 846 903 que
857 840 887 888 sd
907 839 1061 890 Academiam
1077 841 1152 897 ducit,
1170 841 1266 888 tendunt
1283 841 1356 890 tense

260 921 374 986 sepultos.
406 921 436 969 ln
448 919 538 984 magnis
547 935 602 968 vero
613 919 729 976 cladibus,
739 919 839 981 nequid
849 920 880 967 de
891 919 989 982 pietate,
1000 928 1097 969 metare
1113 921 1256 983 gratitudine
1265 921 1356 969 numne·

260 1010 297 1051 ret
308 1002 458 1051 Atheniensis
475 999 508 1050 R.
516 1000 545 1049 P.
556 1000 590 1050 rie
601 1000 758 1064 prospiciebat
768 1001 877 1064 gregariis
886 1000 1013 1048 militibnse
1030 1000 1162 1063 promiscuo
1177 1000 1260 1048 saltem
1270 999 1356 1048 collen-

261 1089 337 1130 terum
347 1083 434 1130 ossium
444 1082 534 1140 laum,
559 1082 622 1130 iacto
633 1082 710 1130 triduo
721 1088 776 1129 ante
786 1081 936 1145 exequiarum
947 1081 1009 1130 diem
1022 1080 1195 1137 *tabenaculo
1214 1087 1356 1128 mormorurn

262 1177 315 1210 orae
322 1163 519 1226 proponebantur,
528 1171 553 1210 et
560 1177 653 1212 snorum
664 1163 764 1226 quisque
774 1163 892 1226 reliquias,
902 1162 922 1209 si
933 1163 990 1226 quid
1001 1163 1115 1218 libu'uset,
1125 1161 1269 1225 imponebat.
1295 1159 1358 1208 Cura

262 1242 409 1299 eilmebatur,
420 1243 561 1306 singularum
571 1243 671 1290 tribuum
679 1243 783 1306 singulas
793 1259 866 1299 areu.
877 1259 925 1292 enar
936 1242 1052 1307 cujusque
1060 1242 1193 1290 tribnsossa
1202 1240 1357 1294 mammes.

262 1323 370 1372 uehiculo
387 1324 551 1387 deportabant.
584 1323 651 1372 Unus
662 1331 774 1388 praeterea
791 1331 855 1372 totus
871 1323 958 1380 inarum
974 1329 1105 1372 constratus
1118 1319 1187 1370 simul
1202 1319 1359 1373 deferebatur,

262 1418 351 1460 eorum,
362 1419 459 1468 qnorum
471 1419 581 1454 ossanon
599 1413 713 1463 extarent,
724 1406 833 1454 relinter
841 1421 952 1454 cneorum
973 1418 1070 1466 corpora
1087 1401 1173 1465 reperti
1191 1415 1239 1448 non
1252 1398 1358 1446 lolam.

263 1481 404 1532 Fdnoebant
421 1500 475 1532 rere
493 1485 564 1532 funus
582 1485 706 1532 voluntarii
723 1485 811 1550 quique
828 1483 969 1548 promiscuo,
986 1484 1023 1532 sel
1043 1482 1116 1540 cives,
1136 1479 1358 1543 reihoepitee,com

262 1563 352 1612 interes
362 1563 462 1612 ioeminss
476 1563 570 1627 alique,
580 1563 697 1612 deiunctis
714 1564 887 1614 necessitudine
904 1565 1046 1629 conjuncte,
1068 1563 1223 1626 lacrymantes
1238 1557 1360 1606 deflerent·

264 1641 325 1692 Ossa
341 1643 448 1706 sepulcro
459 1643 554 1707 publico
573 1644 703 1707 composita
718 1644 885 1701 inferebantur,
905 1645 969 1708 qnod
981 1643 1081 1692 Athenis
1097 1641 1167 1705 juxta
1175 1637 1268 1690 Callisti
1277 1651 1359 1686 mono·

263 1729 368 1770 mentum
382 1723 492 1770 ineratin
507 1722 652 1771 suburbanus.
684 1722 743 1772 llec
754 1724 786 1772 de
805 1723 900 1787 publico
922 1723 1038 1787 sepulcro.
1071 1721 1143 1770 Haud
1163 1729 1240 1768 tamen
1254 1715 1362 1766 inverisi-

265 1800 321 1852 mile
329 1809 366 1850 eet
375 1802 509 1851 domesticis
522 1802 547 1850 in
558 1802 646 1860 lundis,
657 1804 811 1866 extremisque
822 1803 908 1868 proprii
918 1803 967 1867 agri
983 1804 1009 1850 in
1017 1803 1111 1863 linibus,
1121 1799 1274 1864 posiraluisse
1285 1795 1360 1860 prisa-
1438 1793 1442 1801 “

265 1888 341 1930 torum
362 1883 487 1946 hypogea.
519 1883 618 1946 Propria
631 1884 726 1947 insuper
742 1885 848 1946 sepulcra
865 1883 938 1932 tuisse
952 1882 1064 1931 ‘familiis
1081 1882 1212 1946 quibusque
1228 1885 1361 1928 controver-

266 1968 315 2010 tere
323 1962 418 2011 minime
428 1963 464 2012 ins
471 1971 516 2012 est.
547 1964 697 2028 Quapropter
706 1963 858 2012 Marcellinus
868 1962 1033 2027 cognationem
1042 1961 1189 2026 Thucydidis
1198 1975 1253 2008 cum
1262 1957 1362 2006 Cimona

265 2042 350 2105 probri
376 2044 422 2091 hoc
449 2051 595 2108 mgummto,
619 2042 763 2108 ‘probroque
789 2044 889 2091 dabatur
916 2043 999 2106 privari
1020 2042 1133 2107 majorum
1150 2039 1266 2105 sepulcro·
1296 2035 1361 2086 Nam

266 2121 377 2170 ‘Athenis
395 2123 545 2172 scelestorum
564 2139 686 2187 corporum
701 2122 825 2187 projectio,
841 2129 1030 2186 mortuorumque
1046 2121 1190 2178 effossio,ne
1201 2118 1360 2183 jugulatorum

236 2217 239 2224 ¹
266 2201 362 2266 quidem
385 2203 484 2252 liliorum
505 2205 559 2254 liliis
584 2204 687 2266 aspicere
707 2204 742 2252 las
763 2211 820 2252 mat.
859 2203 930 2252 Extat
951 2204 1070 2252 decretum
1095 2201 1275 2250 Atheniensium
1296 2195 1362 2258 apud

269 2279 431 2330 fPlutarchum
447 2284 472 2330 in
483 2283 649 2347 perduellionis
665 2298 726 2347 reor,
737 2282 944 2348 Archeptnlemum
961 2291 986 2332 et
1002 2282 1189 2346 Antiphontem
1207 2286 1290 2343 preter
1305 2291 1360 2324 reso

267 2359 366 2422 injustas
377 2359 423 2408 illis
434 2362 534 2410 infamio
553 2369 631 2420 notu,
647 2362 747 2410 sccmsit
762 2371 787 2410 et
801 2364 865 2427 quod
884 2363 1005 2428 sequitur:
1039 2361 1108 2410 ‘Nec
1125 2361 1195 2410 liceat
1212 2355 1363 2421 Aroheptok·

267 2456 332 2490 mona
342 2448 368 2488 et
378 2439 550 2504 Antiphontem
560 2440 660 2490 Athenis
672 2443 776 2500 humare,
797 2459 874 2508 neque
885 2444 909 2492 in
920 2443 1013 2500 tinibus,
1021 2442 1062 2506 qui
1070 2441 1130 2506 juris
1140 2441 1187 2490 sint
1196 2431 1365 2487 Atheniesuin'

267 2519 315 2570 Par
332 2521 410 2569 lutura
423 2529 474 2569 erat
488 2521 631 2586 ‘Hyperidis
649 2522 753 2570 Oratoris
763 2539 820 2580 sora,
832 2523 858 2571 ni
872 2523 996 2588 Alphenor
1005 2521 1058 2586 ejus
1067 2522 1219 2571 oonsobriaus
1229 2517 1364 2583 permissum

268 2599 314 2650 sibi
323 2616 408 2666 corpus
419 2617 433 2649 a
446 2589 566 2665 Plrilopite
584 2602 683 2652 Medico
695 2610 827 2659 cremasset,
842 2609 867 2651 et
875 2617 928 2650 ossa
937 2602 1043 2650 Athenas
1058 2602 1204 2665 deportasset
1218 2599 1248 2646 ad
1260 2611 1366 2660 rpoena·

268 2680 325 2738 rios,
340 2689 422 2730 eontra
438 2681 616 2730 Atheniensium
636 2689 661 2730 et
679 2683 839 2730 Macedonum
859 2683 968 2730 decreta:
995 2697 1045 2730 non
1062 2682 1133 2730 modo
1151 2679 1214 2727 enirn
1231 2677 1323 2741 pulsum
1339 2675 1365 2722 iu

270 2760 364 2810 erilium
382 2762 462 2820 luisse,
473 2779 551 2810 verum
567 2763 647 2820 etiam,
658 2779 689 2811 ne
702 2763 727 2810 iu
739 2778 781 2810 suo
792 2765 928 2827 sepeliretur
938 2763 1097 2812 interdictum.
1130 2761 1261 2810 Prmstitere
1272 2769 1365 2806 necnon

269 2840 345 2890 simile
361 2841 462 2890 officium
472 2841 633 2892 Themistoclis
647 2842 737 2902 hamici,
748 2861 827 2893 verum
838 2846 898 2893 clam
908 2844 972 2910 inere
982 2844 1045 2892 illius
1056 2857 1107 2892 oasa
1118 2840 1220 2906 sepulte,
1227 2855 1298 2902 quum
1310 2836 1367 2900 legi-

272 2920 317 2968 bus
327 2935 374 2969 non
386 2924 561 2980 concederetur,
572 2925 636 2986 qnod
647 2925 787 2987 proditionis
796 2933 858 2973 esset
871 2924 1012 2972 damnatus:
1026 2921 1164 2986 jussumque
1175 2917 1275 2968 inimicis
1295 2915 1366 2966 'Pho-

271 3001 346 3050 m'ouis
355 3010 400 3060 est,
412 3011 439 3051 ut
456 3003 520 3051 illius
538 3019 623 3066 eorpus
641 3011 706 3051 entra
724 3003 782 3052 lines
798 3003 958 3068 projiceretur,
969 3018 998 3051 ao
1016 3017 1047 3050 ne
1062 3001 1115 3064 quis
1125 2996 1275 3047 Atheniensis
1285 3011 1367 3059 rogum

271 3081 347 3130 iuneti
357 3082 501 3132 incenderet.
530 3082 606 3132 *Hinc
617 3084 705 3133 laetum
717 3093 752 3142 ut,
763 3085 911 3149 conspirante
922 3083 947 3131 in
958 3082 1020 3130 illim
1034 3081 1115 3129 odium
1126 3078 1283 3134 multitudine,
1297 3091 1367 3124 nem

273 3160 332 3210 liber
349 3177 421 3211 ausus
437 3163 467 3210 sit
485 3164 631 3212 Phocionem
642 3164 749 3228 sepelire,
765 3164 845 3227 itaque
855 3163 949 3212 arenis
966 3160 1071 3224 sepultus
1089 3167 1132 3207 est.
1164 3157 1265 3204 Ennium
1276 3170 1368 3218 prorsus

272 3239 353 3299 inisse,
364 3243 428 3305 quod
448 3243 548 3306 contigit
564 3245 707 3308 quaudoque
726 3245 789 3307 opud
814 3252 930 3292 necentur
950 3242 1055 3290 delectos
1073 3255 1102 3287 ex
1119 3237 1256 3302 prirnoribus
1268 3234 1362 3299 judices

272 3307 385 3384 ¹Myrone
402 3321 535 3383 postulante
546 3321 660 3386 Phylensi
672 3323 784 3380 demnati,
800 3324 858 3371 etin
869 3323 963 3371 erilium
972 3321 1013 3384 qui
1029 3325 1172 3383 supererant,
1189 3316 1235 3364 aeti
1247 3322 1309 3371 sunt,
1325 3313 1368 3362 de·

273 3397 406 3448 iunctorum
417 3400 531 3448 cadavera
541 3399 635 3458 effossa,
652 3409 715 3449 tram
730 3402 788 3450 lines
804 3401 930 3466 projecere.
962 3400 1078 3465 Tyrannis
1088 3397 1204 3460 siquidem
1213 3393 1368 3443 Athenienses

273 3479 335 3528 cives
350 3480 409 3528 adeo
419 3480 484 3528 luere
492 3480 557 3538 odio,
567 3481 694 3543 utquando
705 3481 796 3530 illcrurn
806 3483 940 3530 obtinerent
949 3482 1019 3538 bona,
1036 3480 1122 3526 nedum
1134 3476 1196 3524 aedes
1205 3474 1370 3522 demolirentur

274 3560 448 3624 diruerentque,
461 3562 501 3610 sed
522 3568 548 3609 et
563 3561 671 3623 sepulcra
679 3561 816 3620 effoderent,
826 3562 940 3610 referente
952 3559 1081 3608 fllsocrate.
1096 3553 1303 3604 nlnirnicolromini
1313 3552 1370 3600 illuc

770 3725 875 3777 NOTAE

304 3843 317 3872 ⁸
338 3833 390 3884 Lib.
399 3849 433 3886 rr.
876 3838 982 3886 ¹¹AEmil.
994 3837 1065 3885 Proh.
1076 3835 1101 3882 in
1112 3835 1177 3884 Vita.

306 3899 488 3962 *Thucydiden
502 3905 505 3911 '
875 3903 883 3936 ¹
894 3903 956 3950 l'lut.
968 3903 992 3948 in
1001 3902 1056 3949 rite.

307 3973 318 3998 θ
329 3964 436 4012 Demoat.
446 3965 471 4011 in
482 3965 645 4018 Macartaturn.
873 3965 886 4000 ¹
896 3967 978 4015 AEmil.
988 3965 1058 4013 Prob.

307 4028 319 4063 ἅ
331 4028 485 4079 Diacnnthus.
878 4029 884 4064 ¹
894 4031 957 4078 Plut.
967 4029 990 4076 in
1002 4029 1084 4076 Solon.

308 4094 394 4142 οΡΙιιῑ.
405 4094 435 4140 de
444 4093 492 4142 Ser.
505 4093 578 4144 Num.
589 4095 708 4148 Vindicta.
872 4099 889 4128 ⁸¹
902 4094 963 4142 laco.
974 4093 1084 4156 delego.

310 4155 415 4272 ‘ipulVit
426 4156 468 4208 Or.
479 4173 506 4208 a.
875 4165 888 4191 ¹¹
898 4157 970 4221 Soph.
981 4158 1007 4205 in
1015 4153 1098 4218 Ajace.
1108 4153 1189 4202 lenus.

309 4231 322 4266 s
365 4228 398 4272 ut.
408 4222 448 4271 lib.
459 4221 501 4276 cit,
