3018 4850
248 370 315 438 714
517 429 522 436 ,
593 394 596 406 ·
624 379 658 428 r.
681 373 860 428 nuenarn
885 369 975 424 enar
1058 387 1062 394 ·

248 526 398 609 Ancipiti
412 522 529 590 videas
542 521 629 588 icr'ro
643 521 763 604 procul
777 517 905 584 arboris
919 521 1065 592 anetum,

249 629 337 694 Ante
351 627 390 692 fit
402 630 442 694 nt
454 642 570 690 cernas
584 625 700 699 ictum,
714 639 817 704 quem
833 619 934 702 plaga
949 635 1008 700 per
1024 631 1122 682 aures

249 730 319 794 Det
333 728 495 806 souitum;
518 726 568 788 sic
582 723 741 804 fulgorem
755 738 886 804 qnoque
900 718 1064 783 eenrimus
1077 721 1171 788 ente,

250 830 363 909 Quam
377 829 532 894 tonitrum
546 825 743 907 accipimus,
757 821 879 906 pariter
891 818 951 904 qui
964 817 1108 884 mittitur
1119 813 1190 896 igni
1277 810 1344 876 170

250 933 280 998 Ε
295 931 397 996 simili
411 944 545 1004 caussa,
554 942 724 992 concursu
738 927 838 988 natus
852 919 989 986 eodem.

293 1033 373 1100 Hoc
389 1032 489 1097 etiam
503 1031 616 1112 paeto,
629 1024 759 1092 volucri
773 1025 850 1088 loca
863 1021 985 1102 lumine
999 1020 1152 1102 tinguant

249 1272 284 1319 rie
294 1283 352 1319 cant
358 1269 426 1328 serm
437 1271 572 1328 rectrnpue
581 1268 650 1328 porte
658 1267 741 1312 mato:
753 1273 863 1324 namque
873 1257 960 1308 oceidit
969 1260 996 1306 at
1006 1255 1088 1304 videar
1097 1254 1202 1330 pingant,
1214 1249 1349 1324 priurptu

249 1336 312 1384 ictae
322 1334 407 1385 reddat
412 1347 494 1381 eoram
503 1329 599 1380 curtim
610 1327 677 1378 tuis:
695 1327 732 1376 ite
742 1325 814 1375 etiarn
822 1321 1075 1382 ridemusalgetran,
1090 1331 1228 1391 pnmqanrt
1238 1315 1348 1364 nudemur

251 1397 376 1458 eonem,
389 1398 430 1460 qai
439 1410 504 1459 eune
514 1393 648 1458 seriumne
659 1390 765 1452 fuigetri
784 1388 925 1438 emittiture
941 1386 996 1448 pari
1015 1397 1096 1444 ecam,
1116 1387 1141 1430 et
1162 1394 1205 1443 qur
1226 1383 1293 1452 ortae
1306 1379 1349 1424 ert

250 1464 327 1512 ment
334 1474 465 1524 magretas.
499 1459 554 1510 line
572 1471 660 1522 quoque
676 1454 768 1506 rotiom
777 1451 856 1502 rutilo
866 1452 970 1500 colorent
981 1450 1031 1498 ioca
1042 1447 1139 1498 circum
1150 1446 1202 1494 luce
1212 1442 1345 1502 emoneo,

714 1609 833 1634 ΙΙΙΙΙΙΙ
835 1609 893 1630 W

251 1728 328 1778 vind.
338 1729 373 1777 V.
384 1726 426 1778 ed.
436 1726 512 1776 Cant.
524 1725 596 1773 Fert.
606 1722 656 1772 Th.
667 1723 717 1771 Ra.
728 1717 871 1769 Altis-liii
891 1714 1002 1778 Uagipiti
1012 1712 1092 1763 Vind.
1101 1711 1133 1760 V.
1145 1709 1187 1759 ed.
1200 1709 1270 1758 Mna.
1280 1707 1313 1758 B.
1325 1711 1351 1759 1.

253 1793 329 1842 Cant.
340 1791 389 1844 Th.
405 1791 453 1841 Ra.
470 1790 551 1839 eidem
565 1788 634 1836 Mus.
650 1787 680 1838 ii.
695 1789 719 1834 1.
737 1783 769 1835 Ρ.
780 1783 807 1832 in
819 1788 875 1830 not.
892 1781 971 1829 eidem
990 1775 1090 1842 reliqui.
1108 1780 1179 1824 cuda
1196 1775 1266 1823 Mus.
1278 1773 1312 1821 Β.
1323 1776 1350 1822 1.

251 1857 326 1906 Mam
336 1854 435 1920 Gryplr.
446 1868 528 1918 marg.
540 1853 600 1901 Bas.
609 1864 690 1912 marg.
702 1848 734 1897 P.
745 1847 773 1895 in
784 1848 920 1895 not—168
937 1857 1004 1906 quent
1015 1841 1046 1890 P.
1056 1853 1127 1890 auras
1138 1839 1170 1888 Ρ.
1178 1839 1212 1887 V.
1223 1836 1266 1886 ed.
1275 1835 1351 1890 Ferr.

251 1921 301 1970 Tin.
313 1921 360 1970 lia
371 1918 433 1969 nn.
445 1918 500 1982 Gry
521 1917 546 1967 ir.
556 1929 637 1978 marg.
648 1915 709 1962 lias.
719 1925 803 1974 marg.
821 1909 888 1958 caria
906 1909 1058 1970 vulp-roo
1068 1903 1193 1966 fulgurem
1204 1902 1279 1951 Voss.
1298 1909 1350 1951 rct.

252 1991 281 2035 et
293 1985 323 2034 L.
334 1985 366 2036 B.
374 1983 475 2046 fulgure
517 1995 553 2032 nr.
565 1982 596 2031 B.
607 1980 714 2030 1.-170
730 1975 822 2026 tonitru
832 1973 905 2023 Fert.
916 1973 1016 2022 tonitam
1027 1970 1166 2019 Sue—lii
1181 1967 1215 2016 Et
1226 1965 1259 2016 Ρ.
1266 1965 1300 2014 V.
1309 1963 1352 2016 ed.

747 2137 857 2190 NOTAE

249 2293 253 2300 ·
285 2285 334 2333 ror
350 2281 472 2348 Ancipiti]
504 2281 544 2331 Ex
570 2287 680 2344 utraque
706 2284 782 2343 parte
823 2273 979 2340 opinionem,
989 2271 1118 2337 qni,teste
1129 2264 1353 2318 PlutarchoPlae.

253 2365 341 2408 uento.
823 2354 899 2402 nni.
909 2346 1179 2402 existimavircxcitari
1188 2341 1353 2406 fulgendum

285 2433 387 2484 Artoria
403 2433 509 2496 canam]
536 2431 670 2483 Arborem.
697 2430 740 2481 Sic
753 2443 782 2480 rr.
822 2426 905 2476 nubes
926 2430 1035 2475 evento
1054 2421 1189 2486 impetitur
1204 2426 1282 2482 atque
1303 2416 1356 2465 dia·

254 2512 310 2559 411.
328 2517 356 2557 et
371 2521 416 2557 ιιι.
426 2511 484 2556 toti.
495 2507 562 2557 dixit
579 2505 712 2570 ‘corporis
723 2519 781 2568 aag-
822 2506 931 2556 entitur.
957 2501 1032 2554 Quod
1044 2513 1093 2549 nec
1103 2498 1198 2548 Stoicis
1209 2493 1354 2560 displicuit,

252 2581 333 2646 men,’
354 2595 402 2646 pro
414 2595 532 2645 corpore.
822 2580 861 2629 nti
873 2579 996 2642 colligere
1007 2584 1049 2628 est
1065 2591 1098 2625 ex
1115 2575 1228 2625 Laertio.
1261 2573 1356 2623 simili·

287 2662 335 2708 169
351 2657 491 2724 Fulgcrenr]
516 2658 622 2721 Fnlgun
632 2655 783 2720 fulgetrum,
822 2661 863 2705 ter
873 2655 962 2704 horum
981 2653 1117 2703 sententiis
1136 2649 1220 2702 affinis
1238 2656 1281 2702 eat
1298 2664 1355 2700 aen·

254 2735 471 2786 eornr'cationem.
504 2733 625 2783 Alterum
648 2733 717 2781 enirn
735 2745 783 2795 pro
824 2731 907 2781 tentia
926 2746 984 2795 qna
999 2737 1095 2780 motum
1112 2728 1150 2778 eit
1165 2742 1223 2778 eme
1249 2741 1354 2778 canum

254 2812 338 2860 altero
358 2811 452 2872 passim
472 2816 580 2872 mnrprt
597 2805 741 2867 Lucretius,
758 2819 783 2853 v·
823 2807 924 2858 caloris.
942 2805 1036 2871 ltaque
1047 2805 1184 2855 Lucretius
1195 2818 1228 2854 er
1240 2803 1356 2867 Epicuro

254 2899 279 2948 ς.
287 2883 330 2933 lric
348 2897 399 2932 res.
419 2886 475 2932 169.
492 2886 549 2934 116.
568 2888 596 2930 et
612 2895 644 2930 ιι.
655 2884 713 2930 117.
726 2883 784 2928 tid.
824 2889 908 2946 putat,
919 2897 971 2932 non
982 2881 1062 2931 solum
1073 2881 1160 2945 fulgur
1171 2881 1256 2930 creari
1266 2893 1299 2928 ex
1309 2894 1357 2928 nn·

250 2963 311 3012 111.
325 2973 351 3008 ι’.
361 2963 419 3008 197.
430 2961 479 3010 dre.
823 2959 893 3008 bium
916 2958 1018 3022 attritu,
1037 2957 1082 3007 sed
1099 2957 1178 3006 etiam
1195 2955 1267 3021 gigni
1283 2969 1358 3020 petre

252 3043 260 3062 '²
288 3041 335 3087 tro
353 3035 452 3086 Pariter
460 3035 500 3098 qui
517 3032 697 3098 mittitur-igni]
715 3031 784 3082 rie.
825 3047 858 3082 ex
870 3040 1005 3084 ventorum
1022 3032 1198 3096 contentione,
1209 3041 1238 3081 et
1248 3031 1357 3082 circnm-

254 3113 299 3178 qni
311 3113 424 3162 tonitrua
443 3110 556 3161 mittitur
571 3111 595 3159 in
612 3109 705 3159 eodem
721 3114 786 3157 tem·
825 3110 956 3159 volutione
983 3110 1138 3171 vehementi,
1163 3123 1215 3174 qna
1235 3107 1354 3157 nimirum

253 3201 327 3252 pore,
338 3195 416 3250 atque
427 3187 495 3249 ignia
505 3201 551 3234 sen
567 3184 661 3250 frtigur.
692 3185 737 3234 Sic
748 3183 785 3232 lo·
824 3184 897 3234 venti
909 3184 934 3232 in
947 3184 1056 3234 nabibus
1067 3185 1169 3247 incluti,
1184 3184 1269 3232 instar
1280 3180 1355 3231 flatus

254 3262 342 3326 quitur
353 3259 418 3310 lior.
429 3261 515 3322 Epist.
526 3274 545 3307 ι.
557 3265 596 3309 ro.
621 3259 785 3310 ιΑιιιιιιίιιιιιι
825 3259 935 3322 follium,
953 3261 1038 3322 ignem
1060 3257 1186 3310 excitent.
1225 3258 1269 3308 Sic
1288 3257 1354 3306 enim

255 3333 459 3399 pariterretulia
471 3334 589 3400 notisque
601 3335 743 3386 columbis?
825 3335 909 3386 multa
930 3334 1075 3384 mobilitate
1096 3333 1210 3384 calefieri
1232 3332 1355 3391 videmur,

287 3409 356 3474 igni]
380 3409 497 3472 Fulguri,
506 3412 688 3460 cortrrcatloni.
826 3423 851 3460 r.
871 3425 898 3473 g.
918 3416 999 3471 rotas,
1017 3415 1046 3459 et
1065 3414 1179 3459 rotarum
1201 3422 1274 3458 axes.
1312 3407 1354 3455 Sic

287 3490 336 3536 171
353 3486 407 3535 Hoc
423 3486 495 3534 etiem
512 3489 589 3548 pecto,
604 3485 656 3548 irc]
684 3485 734 3534 Hir
745 3489 785 3536 lt.
827 3485 900 3549 glans
911 3484 1034 3548 plumbea
1052 3484 1171 3534 volubilia
1190 3484 1268 3548 longo
1279 3496 1354 3533 curan

254 3577 306 3613 ras.
317 3563 395 3611 docet
403 3562 435 3611 de
447 3561 516 3612 iacta
528 3577 543 3610 a
554 3563 638 3611 ventis
650 3575 664 3610 e
676 3560 786 3611 nubibus
828 3574 875 3623 per
885 3560 945 3630 atra
964 3558 1073 3624 liqneiit.
1105 3559 1149 3609 Sic
1163 3560 1236 3623 Virg.
1257 3559 1319 3608 AEr,
1330 3571 1355 3608 r.

255 3637 413 3687 excitatione
422 3637 630 3700 corpusculorum
640 3635 786 3700 fulgurcre-
824 3637 880 3684 516.
902 3634 939 3683 ait
958 3635 1078 3696 sagittam
1097 3634 1189 3684 arsiam
1211 3631 1353 3695 pereira:

256 3709 364 3760 antium.
397 3709 474 3760 Quod
490 3709 592 3774 quidem
612 3711 645 3759 ad
658 3709 786 3760 Heracliti
823 3709 965 3773 ‘Namque
982 3709 1070 3758 volans
1089 3707 1193 3772 liquidis
1205 3707 1233 3756 1ιι
1245 3705 1355 3757 nubibus

254 3783 410 3834 sententiam
421 3783 526 3846 attinet,
538 3785 593 3848 qni,
609 3790 676 3833 terte
686 3785 786 3835 Seneca
825 3783 889 3834 arsit
900 3781 1010 3844 arundo,
1019 3783 1190 3847 Signaritque
1207 3784 1274 3832 riam
1285 3780 1358 3832 flam·

254 3871 287 3909 rt.
299 3863 338 3908 ae.
355 3858 448 3907 statuit
458 3856 656 3923 fulgurationetn
665 3874 723 3910 erae
734 3859 785 3910 rel·
825 3861 882 3920 mir,
894 3859 1029 3924 tenuisque
1045 3859 1155 3909 recessit
1174 3859 1314 3912 Consumit
1329 3859 1357 3908 ia

255 3935 295 3986 uti
310 3933 380 4001 apud
391 3949 438 3984 noa
449 3935 627 3998 incipientium
636 3935 732 4000 ignium
744 3951 786 3987 co·
827 3938 992 3992 ventos‚’&c.
1120 3999 1122 4002 Ι

255 4017 342 4073 natus,
354 4015 383 4060 et
393 4009 500 4073 primam
511 4007 640 4061 dammam
649 4011 785 4072 incertam,
860 4009 993 4072 linguent]
1021 4011 1055 4063 li.
1067 4024 1090 4060 e.
1103 4011 1235 4063 illustrant
1246 4018 1274 4062 et
1284 4013 1357 4080 qnasi

254 4086 332 4136 modo
355 4087 538 4146 intereuntem,
557 4087 633 4137 modo
656 4100 787 4152 resurgen·
827 4083 955 4134 colorant.
982 4085 1026 4135 Sic
1037 4099 1063 4136 v.
1076 4091 1133 4138 710.
1159 4087 1357 4140 ‘cinnanum-

256 4169 319 4213 ten.
349 4162 473 4213 Pertinet
491 4169 519 4211 et
538 4162 586 4212 hoc
598 4161 630 4212 ad
641 4159 788 4212 Metrodori
827 4160 896 4211 mine
908 4159 1022 4210 tinctus!
