3018 4850
442 385 490 432 uu
521 383 651 432 esuum
677 384 833 434 urruns
859 385 931 434 suu.
954 387 989 436 v.
1197 369 1264 435 697

161 521 206 589 Et
221 522 389 588 terebrare
404 525 517 603 etiam,
531 545 571 591 ac
586 527 795 610 pertundere,
811 547 934 613 perque
948 529 1064 595 forare.

206 624 242 689 N
244 645 283 690 ec
298 627 410 692 minus
426 634 563 712 argento
576 630 685 694 faeere
699 632 772 696 beec
791 651 940 714 auroque
955 633 1130 715 parebunt,

163 725 278 805 Quam
292 728 395 794 relidi
409 731 551 813 primum
566 733 722 798 violentis
737 734 864 798 viribus
879 737 973 799 aeris:

162 827 419 916 Nequidquam
442 833 600 917 quonism
616 836 757 900 cedebat
772 835 864 900 victu
877 841 1042 918 potestus
1171 832 1256 899 1270

161 930 197 995 N
200 951 239 996 ec
255 938 411 1015 poterant
425 937 549 1018 pariter
563 935 681 1000 durum
695 935 844 1000 subferre
860 939 1020 1002 laborem.

160 1030 254 1096 Nem
269 1032 331 1097 suit
345 1033 380 1096 in
395 1035 505 1117 pretio
519 1035 625 1117 magis
641 1056 703 1114 aes,
718 1055 903 1121 aurumque
912 1039 1050 1123 jacebat

159 1133 304 1217 Propter
317 1136 544 1217 inutilitatem,
558 1138 672 1204 hebeti
685 1159 842 1204 mucrone
853 1147 1022 1220 retusum,

160 1233 262 1301 Nunc
271 1238 365 1322 jacet
378 1259 439 1318 ses,
454 1258 572 1305 eurum
587 1241 623 1305 iu
639 1259 807 1308 summum
820 1244 989 1308 subcessit
1001 1241 1171 1307 honorem.

158 1337 219 1402 Sic
233 1341 405 1406 volvenda
419 1346 505 1406 retas
521 1349 692 1408 conmutat
706 1348 854 1426 tempora
867 1363 991 1411 rerum:
1172 1343 1259 1410 1275

159 1437 262 1516 Quod
279 1440 341 1507 suit
354 1443 390 1506 in
405 1445 525 1527 pretio,
543 1445 581 1511 fit
594 1446 686 1510 nullo
701 1445 844 1529 denique
858 1447 1001 1526 bonore;

156 1541 270 1608 Porro
284 1543 375 1610 aliud
391 1546 557 1622 subcedit,
570 1553 603 1610 et
617 1566 636 1610 e
650 1547 901 1629 contemptibus
916 1547 998 1623 exit,

159 1643 269 1730 Inque
284 1646 356 1710 dies
370 1648 478 1730 magis
493 1646 670 1730 adpetitur,
683 1648 842 1731 floretque
855 1654 1019 1731 repertum

158 1745 346 1826 Laudibus,
364 1753 399 1813 et
412 1749 496 1813 miro
511 1749 682 1812 morteleis
697 1749 782 1813 inter
796 1749 918 1813 bonore
932 1757 996 1814 est.

203 1847 239 1912 N
240 1867 306 1913 unc
320 1849 395 1928 tibi,
410 1868 478 1932 quo
493 1857 596 1934 pacto
610 1847 688 1914 ferri
702 1855 821 1914 natura
833 1856 962 1935 reperta
1170 1852 1255 1920 1280

153 2051 226 2109 atque
237 2037 310 2096 etiam
318 2045 448 2110 pejorare,
459 2053 482 2097 et
491 2052 621 2111 pereutere,
631 2055 655 2098 et
664 2047 780 2097 terebrare
791 2047 877 2098 babes.
898 2048 949 2098 Nee
959 2047 1036 2097 minus
1046 2047 1167 2097 tentabant
1172 2049 1256 2109 faeere

154 2111 204 2159 bae
214 2111 302 2160 omnis
313 2125 363 2174 ope
373 2113 467 2173 argenti
477 2116 501 2160 et
510 2115 574 2173 aeri,
589 2127 658 2176 quam
664 2113 734 2176 prius
745 2117 912 2162 tentaverunt
923 2112 1013 2162 uiribus
1022 2112 1109 2161 calidis
1117 2114 1173 2161 duri
1182 2115 1253 2164 arte:

153 2175 202 2224 sed
214 2175 314 2235 frustra
320 2192 332 2234 ,-
347 2178 403 2238 quia
413 2177 449 2224 oie
460 2176 515 2225 euri
526 2181 549 2224 et
559 2177 661 2240 urgenti
671 2182 781 2240 superata
790 2177 894 2238 cedebat,
912 2191 954 2225 eea
965 2176 1055 2225 rabbat
1065 2178 1186 2240 equaliter
1198 2193 1253 2240 per-

145 2238 216 2296 ferre
226 2239 472 2289 vernumtatoreu.
506 2239 602 2290 Etenim
614 2241 724 2304 primum
734 2255 768 2290 ae
778 2242 831 2302 fuit
841 2240 918 2302 magis
928 2241 954 2289 in
962 2241 1049 2303 pretia,
1060 2246 1084 2289 et
1093 2254 1178 2290 amaea
1187 2257 1252 2304 eper-

151 2303 253 2354 aetatu
262 2303 292 2353 ab
302 2318 374 2354 suum
384 2319 471 2353 cunum
481 2319 559 2366 mm,
570 2306 630 2369 quie
641 2305 748 2354 obtusum
758 2315 817 2355 erat
825 2311 905 2356 retusa
915 2306 1028 2354 amesiae.
1057 2305 1139 2355 Hodie
1151 2319 1254 2355 vercae

150 2369 281 2431 posuer,
291 2373 316 2418 et
324 2383 409 2418 muru
418 2369 571 2418 substituitur
581 2369 607 2417 iu
616 2383 728 2433 magam
737 2371 847 2434 pretium.
863 2369 904 2419 lta
914 2384 988 2418 arura
996 2369 1079 2418 mobile
1086 2374 1163 2419 mutat
1170 2376 1254 2420 mares

151 2447 245 2482 rerum:
261 2434 323 2496 quod
334 2434 389 2493 suit
399 2432 426 2482 ie
436 2434 522 2482 boam
533 2433 652 2496 primum,
664 2434 690 2483 id
701 2440 781 2497 pausa
786 2435 841 2494 suit
851 2435 878 2483 ia
888 2435 951 2483 nuda
964 2435 1050 2496 pretio.
1082 2435 1177 2484 Deinde
1186 2435 1253 2484 abed

150 2497 266 2560 sequutae,
281 2502 306 2546 et
321 2496 596 2560 egredituredespeetu,
614 2503 637 2546 et
647 2499 674 2547 is
684 2500 735 2548 dies
744 2499 821 2561 magis
831 2497 934 2562 cupitur,
951 2503 975 2548 et
989 2498 1111 2549 inuentum
1121 2497 1252 2548 celebratur

151 2561 287 2626 mmm,
304 2567 327 2612 et
341 2567 376 2612 eet
390 2561 468 2626 pretio
478 2560 613 2612 admirabili
622 2564 686 2626 apud
696 2562 807 2613 homiues.
839 2563 898 2612 Jars
908 2577 961 2613 vera
972 2563 1034 2614 baud
1044 2562 1139 2628 difficile
1149 2569 1183 2614 ert
1195 2563 1252 2627 tibi,

610 2687 790 2710 emmanue

151 2795 216 2845 rare,
225 2783 316 2844 dature,
325 2796 354 2830 ae
364 2781 447 2831 radere
461 2782 530 2842 tigna
540 2779 598 2831 edd.
610 2783 777 2846 vulp—1267
792 2783 919 2846 pecuum
926 2782 959 2830 V.
979 2781 1021 2832 ed.
1040 2781 1087 2831 Tb.
1103 2781 1249 2832 tte-usur

149 2851 245 2906 peterat
256 2845 333 2895 bodi.
345 2846 412 2894 Mas
422 2845 455 2894 B.
466 2851 490 2895 l.
501 2849 528 2894 2.
538 2852 567 2895 et
577 2844 637 2898 edd.
650 2848 817 2911 vulp-12⁷2
833 2861 867 2896 ae
876 2845 1078 2898 recurvum.
1089 2845 1132 2895 ed.
1141 2846 1209 2895 Mus.
1218 2845 1250 2895 B.

151 2913 176 2960 8.
187 2911 235 2961 ma
246 2911 295 2961 Re.
304 2910 416 2970 jacebant
426 2910 600 2960 Caute-liii
616 2925 722 2962 recusum
732 2914 765 2964 V.
777 2911 819 2961 ed.
829 2911 877 2960 Tb.
888 2911 935 2962 Ru.
947 2925 1067 2961 recursura
1077 2910 1249 2960 cent-1275

149 2975 262 3025 eduardo
272 2976 304 3024 P.
313 2976 346 3024 V.
356 2974 398 3023 ed.
409 2975 511 3026 ibide.
522 2973 582 3024 Aru.
588 2975 765 3026 vind—12⁷⁷
781 2993 794 3026 e
805 2977 881 3026 deest
890 2976 923 3025 V.
939 2975 982 3025 ed.
993 2976 1038 3024 Tb.
1051 2976 1098 3024 Re.
1108 2975 1184 3023 Voss.
1196 2979 1249 3022 ret.

151 3047 179 3089 et
192 3041 222 3090 1.
234 3039 266 3090 B.
276 3039 345 3089 Mus.
355 3040 387 3088 B.
397 3043 420 3088 7.
431 3043 455 3090 tt.
464 3039 518 3099 jara
535 3053 607 3103 pros
624 3041 798 3090 Ceut-1279
814 3041 897 3088 Deest
915 3039 998 3089 Nurd.
1020 3039 1146 3087 Clauditur
1155 3039 1188 3086 V.
1206 3035 1249 3086 ed.

149 3103 196 3154 Tb.
208 3105 258 3154 Ra.
271 3104 397 3154 Clauditur
407 3103 440 3152 V.
450 3117 530 3170 marg.
542 3105 614 3154 Ferr.
627 3105 737 3154 Cladibus
747 3107 824 3155 Cast.
841 3104 902 3153 miro
918 3108 954 3152 est
973 3104 1041 3166 vulg.
1060 3103 1157 3152 berorae
1167 3099 1248 3152 Vind.

648 3225 755 3277 NOTAE

149 3322 315 3388 ulibiprasim
325 3321 447 3374 Lucretio
457 3320 585 3371 familiare
594 3319 682 3371 obser·
720 3323 806 3373 ultro!
839 3324 874 3374 Et
885 3322 942 3397 βυ.
951 3336 969 3373 ι.
985 3319 1146 3372 ‘Voirsudis
1154 3321 1247 3372 meusi-

156 3408 243 3451 vstur.
720 3399 788 3451 bus!

183 3481 249 3526 1267
267 3474 459 3542 Perqsescrare]
476 3471 680 3540 Tmesis,pert'o·
753 3480 815 3527 1277
833 3477 910 3526 Parra
921 3475 997 3538 atiud,
1007 3472 1059 3537 irc]
1074 3471 1118 3523 Sic
1137 3486 1175 3524 us.
1189 3477 1247 3522 88⁰.

149 3567 272 3618 rareque.
721 3558 791 3603 etrr.
808 3557 852 3604 76.

181 3635 249 3681 1270
269 3630 339 3681 Victa
351 3628 466 3695 potestas]
481 3629 561 3693 Supp.
577 3627 633 3678 euri
651 3631 680 3676 et
753 3633 818 3682 12⁸⁰
834 3630 905 3679 Nune
916 3627 1024 3691 titiano
1032 3631 1111 3690 paeto,
1129 3627 1183 3690 te]
1198 3625 1247 3676 Hir

148 3707 262 3773 urgenti.
278 3708 424 3773 Utrumque
434 3705 502 3756 euim
510 3702 679 3755 mreacferro
720 3709 759 3757 16.
768 3719 817 3754 sss.
826 3705 962 3769 speciatim
971 3703 1050 3754 docet
1058 3701 1185 3769 quomodo
1196 3701 1248 3752 fer-

149 3787 253 3838 moilius
264 3792 315 3837 est.
720 3796 777 3831 rum
787 3780 900 3844 ferrique
911 3794 984 3830 usum
995 3779 1148 3845 reperierint
1168 3779 1247 3840 prisci

181 3867 248 3914 lm
266 3863 332 3912 Nara
341 3859 396 3922 fuit
410 3861 438 3909 ie
452 3858 529 3923 pretia
545 3858 622 3921 crucis
635 3858 679 3922 ω]
718 3857 844 3908 homines.
861 3859 924 3908 Vuit
934 3863 1019 3908 eutem
1029 3857 1126 3907 sermm
1135 3857 1161 3906 iu
1174 3869 1246 3906 usum

147 3939 290 3999 Nimirum,
297 3938 358 4003 quia
364 3936 469 3986 solidius
479 3935 600 3986 etduriae
607 3949 679 3985 suro.
719 3935 846 3986 bominum
857 3941 976 3985 vocatum
986 3948 1042 3984 esse
1053 3933 1086 3982 ub
1099 3931 1248 3982 Discordia.

180 4017 245 4064 ture
264 4015 368 4078 Propter
377 4009 547 4073 inutilitatem]
556 4010 623 4062 Quis
634 4023 678 4059 su·
719 4014 869 4077 Quanquam
884 4010 948 4060 iilud
967 4015 1137 4074 precesserat
1155 4021 1201 4069 es,
1217 4014 1248 4058 ut

146 4105 206 4140 rum
217 4091 372 4141 molliusest
383 4102 436 4138 aere
447 4102 478 4137 se
488 4086 566 4137 ferro.
719 4095 780 4151 pote
799 4087 926 4150 copiosius
946 4093 975 4135 et
992 4083 1162 4136 trectabitius.
1195 4081 1248 4132 Ita·

183 4169 243 4216 1715
260 4164 393 4228 Vacunae]
405 4164 540 4216 Volubilis.
555 4163 598 4213 Sic
605 4165 677 4226 virg.
718 4178 768 4228 qus
789 4163 872 4226 prime
889 4160 1036 4212 mortutium
1051 4172 1123 4208 arms
1142 4154 1247 4208 fuerant

144 4240 258 4293 Esar.
281 4238 439 4291 ‘volvendo
460 4239 515 4290 dtea
534 4253 567 4288 eu
589 4239 679 4290 sttutit
717 4232 1163 4302 munus,ungues,deutes,lapidem
1178 4241 1248 4298 post·
