3060 4858
300 416 336 465 r.
361 415 541 466 nucnnrrr
567 416 655 466 usur
683 415 731 464 nn
756 413 890 464 unnuu
914 414 1002 463 usn.
1027 416 1101 464 nsn.
1124 417 1148 464 r.
1205 399 1271 466 947

172 559 243 622 piem
251 555 341 608 fecere
349 569 401 608 uon
413 563 567 622 portentet
577 557 707 609 notetAl·
743 569 802 621 ques
813 556 956 620 appellatio
965 556 1082 622 'l'rerno
1090 557 1132 606 rel
1141 554 1274 606 Antonino

172 634 256 684 cletus
267 630 387 697 nuptm
393 635 471 700 juris,
481 640 506 684 8.
516 639 556 684 le.
574 634 657 684 hmo.
744 633 865 698 quadrat.
897 633 954 684 Erit
965 634 1081 684 Lucretii
1092 647 1196 684 sensus:
1215 649 1275 699 qum

205 709 283 772 Sim
292 725 374 759 mouns
385 709 494 772 demum]
514 709 632 760 Ridicule
643 709 707 760 Pius
744 710 815 772 signs
824 711 915 769 eliens,
926 710 975 758 hoc
985 717 1036 769 est,
1048 721 1117 758 seres
1126 707 1274 771 slmolscrs,

173 785 201 834 iu
211 784 308 834 Annot.
320 794 380 848 post
396 800 420 835 c.
430 800 454 834 r.
466 787 576 848 exponit
585 784 617 833 de
628 784 709 833 ferre·
744 784 885 834 ostendunt
903 798 993 833 msuus
1010 782 1125 846 dextras,
1141 799 1204 849 quss
1220 799 1278 849 por-

174 860 270 910 mentis
288 860 383 910 ostium
405 861 577 924 pulsantibus,
595 858 708 923 effigiem
744 859 832 922 rigunt
843 859 876 908 sd
894 873 984 922 pscem
998 858 1177 910 indicendum:
1195 874 1225 911 ss
1236 876 1277 911 ss·

174 935 312 986 homonem
337 937 379 986 rel
406 935 516 986 ferinum
544 935 709 998 lssbentibus,
745 936 884 996 lutsotusu,
911 935 956 999 qui
975 934 1149 984 osculantium
1168 941 1197 984 et
1215 950 1276 986 con·
1376 953 1381 964 ·

177 1009 326 1074 quotidem
338 1017 368 1060 et
377 1011 402 1059 io
415 1010 495 1060 Notis
504 1009 557 1060 suis
567 1010 600 1059 ud
612 1011 709 1060 Lucre·
742 1011 877 1073 jonctloue
889 1025 979 1060 manus
988 1011 1098 1060 salntem
1110 1011 1276 1062 reddentium

175 1085 242 1136 tium
253 1087 404 1149 inculcavit,
415 1086 510 1151 aliquio
522 1092 609 1136 temen
621 1085 647 1134 in
657 1083 709 1135 line
746 1091 878 1148 contactu,
891 1085 1033 1136 ostendunt
1043 1085 1125 1135 tscite
1137 1101 1194 1136 sero
1204 1087 1278 1153 csrpi

176 1161 278 1220 videns,
298 1161 426 1226 quomod
450 1162 606 1212 sisnulschre
628 1162 709 1212 numi·
747 1163 930 1212 etetteuueri:
944 1162 1063 1225 quonism
1074 1161 1275 1228 sentisnusquod

176 1250 248 1299 num,
262 1243 395 1300 portorum
406 1243 435 1287 et
445 1237 548 1287 urbium
560 1236 709 1300 presidum,
746 1235 936 1297 deereveroot3
954 1236 1000 1286 sed
1012 1236 1114 1300 quondo
1125 1243 1152 1286 et
1169 1252 1220 1302 qne
1239 1240 1277 1288 in·

176 1311 265 1376 potins
282 1321 374 1362 censet
394 1311 577 1374 referendum
593 1314 662 1378 quod
682 1320 710 1362 et
742 1311 823 1375 jurio,
844 1312 957 1363 minime.
982 1312 1050 1364 Plus.
1087 1311 1159 1364 Ques
1179 1314 1277 1364 oscule-

177 1393 275 1450 preter
294 1387 357 1438 elios
368 1387 447 1438 docet
457 1388 575 1439 Turneb.
586 1389 655 1440 Adv.
669 1395 708 1442 le.
749 1386 843 1436 buntur
858 1388 902 1452 qni
919 1402 953 1438 ex
972 1387 1039 1438 orbe
1055 1388 1171 1452 exibent,
1188 1395 1216 1439 et
1234 1389 1280 1454 qui

177 1465 243 1512 oet
257 1465 298 1514 25.
310 1467 333 1512 l.
351 1463 459 1527 Legitur
474 1470 502 1513 et
520 1479 604 1514 moues
619 1470 710 1528 esum,
748 1477 857 1527 peregre
878 1464 904 1512 in
926 1464 1016 1513 urbem
1039 1463 1169 1514 redibunt.
1193 1465 1278 1516 hul.

178 1536 247 1600 qnod
261 1537 308 1588 lut
327 1539 389 1603 Bes,
407 1540 434 1588 iu
447 1540 562 1603 mergine
574 1539 653 1590 etism
665 1555 709 1604 eg·
748 1536 878 1602 Intelligit
891 1539 1007 1589 Deorum
1024 1539 1174 1600 tulelsrium
1196 1541 1279 1605 signe,

176 1613 581 1678 nescitquodslguilicsreteour
590 1630 710 1665 mannum
748 1628 856 1678 quornm
874 1629 976 1664 menum
990 1613 1109 1664 dextram
1120 1615 1164 1679 qui
1176 1617 1279 1667 exirent

178 1694 279 1752 putem
298 1703 356 1753 qne
373 1691 400 1739 in
417 1690 496 1754 signis
506 1705 539 1741 ex
550 1691 710 1741 vestimentis
747 1703 781 1738 es
791 1689 864 1752 orbe,
874 1697 903 1738 et
917 1689 961 1753 qul
979 1689 1188 1754 ingrederentur,
1205 1705 1279 1741 oscu-

179 1765 326 1826 prominere
337 1765 480 1816 ridebatur.
507 1767 575 1816 Nem
587 1774 669 1829 certe,
680 1767 710 1816 li-
747 1765 796 1815 lerl
803 1765 930 1828 solebant,
938 1764 1015 1830 idque
1025 1765 1084 1814 loni
1093 1765 1184 1815 ominis
1192 1779 1279 1818 censs.

180 1846 225 1890 cet
236 1841 294 1904 plus
305 1841 439 1905 religionis
456 1848 485 1892 et
495 1843 598 1892 honoris
610 1842 636 1890 in
648 1841 710 1892 slen-
748 1855 833 1905 neque
844 1848 930 1890 tsmsn
941 1841 1016 1904 ullus,
1028 1840 1097 1904 quod
1108 1841 1195 1900 scient,
1206 1846 1280 1890 rete·

180 1923 222 1967 trs
232 1915 360 1966 simulacri
371 1931 460 1979 menn,
475 1925 561 1968 tomen
581 1932 634 1981 pree
647 1918 711 1966 mul·
748 1917 783 1964 ris
793 1915 927 1978 scriptoris
937 1916 1009 1965 locus
1020 1914 1053 1964 erl
1064 1914 1091 1964 id
1103 1915 1278 1966 demonstren-

180 1992 293 2043 tltudine
306 1992 464 2042 sslutsntum
484 1993 563 2042 etism
582 1993 649 2041 less
659 2006 711 2042 nro·
749 1990 809 2040 dum
821 1988 942 2052 offertore
953 1990 998 2040 sed
1011 1990 1099 2040 iteres
1110 1989 1280 2051 describitur,

179 2080 229 2115 nus
245 2065 325 2116 minui
344 2079 452 2116 necesse
470 2065 568 2116 hebuit.
608 2063 665 2116 Imo
685 2075 713 2115 et
749 2073 779 2116 nt
789 2065 892 2114 minime
902 2065 981 2115 dubis
991 2065 1074 2116 videri
1085 2063 1192 2115 slebeet.
1226 2065 1279 2115 Cur

178 2141 285 2192 horbem
303 2152 331 2192 et
347 2149 473 2206 mentum,
493 2148 522 2192 et
540 2142 712 2206 quodcunque
750 2147 836 2192 sutem
848 2139 969 2190 dextrum
987 2141 1073 2204 potins
1090 2141 1281 2204 oscularentur,

179 2209 306 2269 vestibus*
323 2218 467 2281 eminebat,
490 2219 712 2283 praehendebente
750 2217 935 2281 qocmlaevnm,
943 2216 1023 2266 nobes
1031 2217 1177 2266 Varronem
1185 2217 1229 2281 qul
1237 2216 1281 2267 do·

181 2295 220 2344 nti
240 2295 363 2359 singulari
382 2295 440 2344 loco
455 2294 531 2344 (locet
543 2295 638 2344 cicero
648 2299 674 2344 s.
687 2294 713 2343 in
750 2292 844 2342 cestio
855 2292 987 2354 excerptis
999 2305 1033 2341 ex
1044 2292 1135 2342 Servio
1146 2291 1241 2342 lnlEu.
1255 2296 1279 2340 l.

180 2369 257 2420 verr.
269 2383 328 2434 csp.
339 2374 380 2418 ⁴⁰.
397 2370 431 2420 sle
442 2369 553 2433 'l'emplo
565 2369 713 2434 Agrigenti·
750 2367 811 2418 Fob.
846 2367 938 2416 listron
951 2367 978 2416 in
988 2367 1105 2431 margine
1116 2367 1224 2431 opponit
1234 2367 1280 2418 Gi.

181 2459 231 2496 not
247 2446 308 2496 ‘lbi
318 2452 360 2495 est
370 2460 404 2496 er
419 2460 472 2498 sere
491 2445 663 2508 simulacrum,
675 2447 714 2508 ip·
751 2445 845 2510 lenius,
862 2445 948 2496 forsan
966 2461 1014 2509 pro
1027 2451 1122 2496 scenos
1132 2452 1177 2495 sut
1187 2445 1281 2509 promi-

182 2522 235 2571 sios
252 2521 385 2584 Herculis,
404 2535 456 2587 quo
475 2535 527 2572 non
545 2520 623 2571 focile
640 2522 713 2586 quid·
751 2529 859 2572 nentes:
882 2523 920 2571 sic
940 2521 1009 2586 opud
1026 2521 1178 2571 Lucretium
1194 2521 1239 2572 lib.
1254 2526 1281 2580 t,

182 2612 260 2663 quem
270 2598 382 2648 dixerim
399 2612 441 2648 ms
460 2598 556 2648 vidisse
574 2597 714 2662 pulchrius,
751 2611 791 2646 rs.
807 2601 864 2647 278.
879 2597 988 2645 munnio
1003 2597 1048 2646 lux
1063 2611 1110 2660 pro
1121 2602 1228 2659 muts,
1241 2598 1281 2646 vel

183 2673 288 2732 temetsi
297 2687 349 2724 non
358 2682 411 2723 tem
419 2674 527 2723 multum
538 2675 564 2722 in
573 2674 627 2723 istis
635 2674 713 2724 rebus
751 2673 891 2724 mmmm.
925 2673 1036 2723 Versum
1057 2680 1207 2738 sequentem
1228 2687 1281 2725 uon

182 2749 312 2814 intelligo,
321 2764 396 2815 quem
409 2751 491 2800 multo
501 2748 570 2810 eidi;
582 2763 662 2813 osque
673 2764 714 2808 eo,
752 2749 870 2813 agnoscit
880 2748 912 2798 B.
931 2749 1028 2799 crees.

179 2824 293 2888 jndices,
310 2833 340 2875 nt
359 2825 453 2875 rictum
473 2825 529 2889 ejus
547 2838 579 2874 sc
599 2830 714 2874 mentum
782 2831 833 2876 tlt
851 2827 920 2890 Seps
939 2828 1085 2877 masuris
1103 2829 1181 2892 uus]
1198 2828 1282 2893 Hujus

184 2899 272 2963 psello
282 2900 317 2951 slt
327 2900 452 2963 sttritius,
463 2899 533 2964 qrrod
550 2899 575 2948 in
592 2898 714 2962 precibus
751 2902 879 2953 solutsndl
889 2902 966 2951 morls
975 2901 1076 2952 inlinltn
1084 2911 1146 2953 sunt
1155 2904 1223 2967 spud
1234 2906 1282 2954 lss·

185 2981 214 3024 et
228 2975 443 3038 gratulationibus
459 2989 511 3024 nou
530 2976 614 3025 solum
633 2975 660 3023 iol
672 2988 714 3024 re·
752 2979 820 3029 tioos
837 2978 977 3041 scriptores
992 2979 1128 3041 exemplet
1145 2980 1282 3043 exquibus

185 3052 280 3114 nerui,
291 3064 379 3100 rerum
395 3050 474 3101 etism
490 3050 599 3100 esculsri
615 3047 717 3100 solent!
752 3055 816 3104 licet
827 3068 909 3118 penca
920 3055 1096 3117 degustemus.
1129 3053 1184 3103 Clc.
1204 3054 1283 3117 epist.

186 3125 254 3176 Heu.
291 3127 393 3190 Legunt
412 3126 517 3190 quidem
535 3140 618 3175 murus
634 3129 716 3174 estrss
752 3131 785 3180 ed
802 3131 928 3180 Brutum:
952 3128 1045 3178 ‘Huc
1066 3128 1157 3191 scripsi
1178 3129 1205 3178 ln
1227 3129 1284 3192 ipss

185 3215 233 3265 pro
241 3207 349 3251 sums:
362 3200 411 3251 hoc
422 3209 463 3251 est
475 3204 603 3251 marculus
614 3198 715 3249 ferreus
754 3205 829 3254 turbs
849 3205 995 3253 matutinos·
1007 3203 1189 3254 salutationis!
1230 3204 1283 3255 Qu.

185 3279 319 3328 osttsuus:
337 3279 381 3344 qul
392 3277 517 3342 figrustus
532 3279 558 3327 in
569 3277 715 3328 slmllitudl·
754 3280 889 3330 Froterrle
901 3289 955 3344 pet.
967 3281 1064 3330 consul.
1080 3281 1088 3310 ‘
1101 3279 1282 3330 Deductorusn

185 3367 245 3404 nem
256 3368 354 3415 monus,
363 3362 400 3416 et,
408 3361 438 3405 ut
447 3368 515 3404 nnnc
524 3353 565 3416 fit,
576 3367 649 3402 usum
661 3353 716 3416 pul·
754 3355 867 3407 officium
889 3357 970 3419 majus
992 3363 1043 3420 est,
1061 3369 1137 3420 quens
1160 3357 1284 3406 selutnto·

186 3429 490 3494 unuttounusprestu.
517 3431 716 3493 Eetrssproec·
755 3433 828 3483 rum.’
863 3433 1080 3497 l'irg.(leorg.2.
1096 3435 1154 3480 tot.
1172 3430 1284 3482 ‘Sinon

186 3514 251 3558 tem
261 3509 369 3558 dicimos
381 3509 459 3558 sicuti
477 3511 576 3558 deutrus
593 3523 641 3573 pro
659 3510 717 3558 ‹lee-
755 3511 886 3574 iogentem
894 3508 991 3558 foribus
1001 3507 1153 3557 domusclts
1164 3506 1283 3570 superbls
1295 3559 1296 3562 ,

187 3587 258 3636 tuos.
294 3584 361 3634 Sunt
382 3584 426 3648 qui
446 3583 563 3634 referunt
574 3584 607 3633 sd
619 3591 718 3634 statues
754 3587 834 3635 Msue
846 3587 1002 3636 soluturum
1014 3584 1075 3634 totis
1086 3585 1167 3634 vomit
1183 3584 1283 3635 edibus

186 3657 309 3711 formales
322 3661 347 3710 iu
358 3661 552 3712 similitudinem
563 3659 719 3723 lrobltusps·
755 3660 864 3710 undem:
883 3659 920 3710 At
939 3673 1031 3708 secors
1049 3659 1132 3723 quies,
1150 3664 1179 3708 et
1197 3659 1284 3710 nucis

187 3734 344 3788 clflcstoris:
360 3735 403 3800 qui
425 3742 548 3798 porrecte
566 3735 718 3785 menudex·
755 3734 930 3785 follerevite’
961 3735 1111 3786 Mortes.
1127 3733 1233 3786 ‘Primo
1246 3750 1285 3786 su·

187 3819 231 3862 trs
252 3825 342 3876 pscesn
364 3807 453 3875 l'srglri
478 3811 618 3861 ridebunt:
641 3824 719 3874 super
755 3812 880 3861 lutenteis
896 3817 975 3875 etque
987 3812 1071 3862 altere
1089 3810 1199 3860 ‹llstinet
1211 3811 1284 3872 hors,

187 3886 718 3953 qnsreQuintillcn.etPapinisnussylv.
755 3887 869 3935 Exercet
896 3899 986 3936 raucos
1015 3886 1094 3937 tertis
1120 3885 1284 3937 causidicos!

188 3967 213 4012 l.
231 3967 270 4012 lo.
286 3962 387 4013 ‘Juvst
405 3975 451 4012 ors
469 3963 536 4032 tueri
553 3963 633 4012 Mists
651 3961 718 4011 notis
755 3961 839 4012 Lerni.

187 4035 249 4087 belli
269 4037 449 4101 placidamque
471 4037 590 4100 gerentis
610 4040 720 4102 pecem.'
787 4041 836 4088 82⁰
861 4036 923 4086 Sunt
942 4037 1042 4102 detrito]
1066 4037 1111 4088 Sic
1133 4039 1285 4102 conjecture

186 4113 247 4162 'l'sle
258 4113 337 4162 etism
350 4111 459 4162 rhenum
475 4112 551 4162 hodie
569 4112 720 4176 pscificeto·
755 4111 849 4162 (luctus
860 4113 960 4176 scripsi.
994 4113 1025 4162 lu
1042 4113 1115 4163 librls
1134 4113 1206 4164 iere:
1224 4113 1283 4170 urst.

189 4200 244 4236 rem
263 4201 342 4252 egeus
360 4187 452 4238 visitur
465 4187 491 4236 io
502 4186 558 4238 foro
569 4189 716 4238 Ticinensi:
755 4187 812 4238 Gli.

188 4274 265 4334 quem
282 4275 368 4332 regern
388 4276 520 4314 censorem
531 4262 607 4328 vulgo
618 4263 718 4326 dicunt,
759 4293 763 4300 ·
789 4265 851 4313 Gens
864 4263 913 4314 sist
927 4263 1002 4326 dem]
1017 4264 1061 4314 Sic
1080 4263 1177 4314 nubem
1195 4277 1283 4316 ornnes
