2962 4860
246 377 313 444 442
634 397 668 444 r.
693 395 871 444 nucnnrn
895 396 983 444 cam

247 543 366 608 Donec
382 541 475 610 adid
490 541 712 626 signumcoeli
728 542 892 626 pervenit,
909 543 965 606 ubi
981 543 1060 605 suni

248 643 371 709 Nodua
385 651 566 708 nocturnas
581 649 744 725 exaequat
757 644 891 707 lucibus
907 644 1062 707 umbras:

246 744 357 830 (Nam
370 746 481 811 medio
495 763 594 810 cursu
609 744 710 808 flatus
724 745 915 828 Aquilonis,
930 753 964 809 et
979 742 1107 822 Austri,

248 846 399 912 Distinet
413 853 548 930 aequato
562 845 687 909 coelum
704 846 896 910 discrimino
911 852 1030 924 metus,

249 947 390 1032 Propter
403 948 551 1030 signiferi
566 948 749 1029 posituram
766 947 869 1011 totius
885 947 991 1025 orbiS,
1284 949 1350 1015 690

247 1048 370 1114 Annua
385 1051 439 1114 sol
454 1051 570 1134 inquo
585 1048 761 1114 contundit
775 1057 928 1131 tempora
943 1067 1094 1132 serpens,

247 1148 396 1233 Obliquo
412 1157 524 1229 terras,
541 1157 575 1214 et
589 1151 723 1227 coelum,
737 1150 860 1213 lumine
874 1149 1023 1215 lustrans
1036 1172 1045 1230 ;

248 1251 297 1315 Ut
309 1253 397 1314 ratio
410 1250 559 1315 declarat
570 1269 697 1326 eorum,
713 1251 774 1333 qui
788 1249 867 1314 loca
881 1252 961 1316 coeli

248 1351 383 1430 Omnia,
399 1352 573 1437 dispositis
588 1352 696 1436 signis
712 1359 841 1430 ornata,
857 1351 1046 1438 notaruntr)

244 1542 271 1591 ιἰι
281 1557 327 1604 quo
337 1542 404 1604 qussi
410 1542 530 1618 singulam
539 1543 597 1591 osai
603 1543 680 1618 reddit
688 1543 796 1592 tenebras
802 1543 878 1592 noctis
887 1545 987 1618 omnus
997 1529 1085 1594 diebru.
1114 1545 1221 1608 Nessoque
1232 1542 1259 1593 ia
1266 1543 1345 1592 audio

245 1605 396 1682 esmfintrrs
406 1608 520 1682 npnslpnts
531 1610 553 1681 et
562 1611 647 1682 nealfa,
656 1607 738 1655 calum
748 1611 811 1656 least
823 1613 935 1656 termam
945 1623 1002 1658 cum
1012 1609 1100 1671 oeqsuli
1110 1608 1263 1672 disparitate,
1273 1608 1303 1656 od
1312 1608 1346 1655 si·

244 1669 1347 1800 tltt‘dttllt'.tetttlttltdttlzt..“matitmfflttt

245 1796 552 1846 omousianorum
563 1798 612 1846 rite
623 1798 750 1859 ordinstis,
759 1800 870 1848 ostendit.
891 1752 959 1864 ψεῖ,
966 1751 1027 1864 qvod
1038 1801 1080 1850 uir
1087 1802 1182 1851 densior
1189 1805 1223 1850 esd
1234 1801 1261 1850 is
1270 1799 1346 1849 certis

705 1924 884 1944 ONMWO

245 2009 294 2055 081
311 2006 389 2056 Almia
398 2005 430 2056 P.
440 2007 541 2070 Grypln
552 2021 634 2071 marg.
645 2007 706 2058 Ald.
720 2007 801 2058 diulus
807 2009 841 2058 V.
852 2008 893 2058 ed.
907 2009 954 2059 'lla
969 2009 1016 2060 Rs.
1032 2009 1108 2060 Bodl.
1124 2009 1212 2058 Modus
1229 2009 1301 2058 Fere.
1310 2008 1348 2058 V.

246 2071 539 2186 1111111111·
548 2072 760 2186 illlata
771 2073 1342 2187 §.diffidit'n.li‘“⁶?t⁹..ss‘'l›³?i.vl'.i

245 2149 324 2270 :fosi
342 2199 422 2262 iniquo
437 2201 510 2250 Ferr.
521 2199 554 2248 V.
566 2152 664 2250 ed'rn.
682 2201 730 2250 lis.
750 2201 857 2251 contudit
868 2200 946 2252 vind.
957 2173 1037 2252 Voss:
1052 2153 1105 2255 :eya
1122 2208 1151 2252 et
1169 2201 1198 2250 1..
1217 2201 1249 2250 B.
1266 2199 1345 2250 Cant.

743 2327 848 2378 NOTAE

278 2427 327 2473 686
344 2411 425 2476 Donec
435 2423 577 2487 [Dorticum]
595 2421 697 2476 Donec.
730 2426 774 2474 Sic
813 2437 877 2488 quos
889 2425 967 2488 vulgo
978 2425 1110 2491 accipiunt
1125 2425 1211 2489 poitur
1226 2440 1274 2489 pro
1284 2440 1346 2491 sep·

246 2515 277 2551 rr.
294 2505 367 2550 1114.
386 2509 412 2548 et
425 2499 490 2550 infra
501 2516 554 2550 vss.
567 2505 623 2551 706.
637 2505 694 2552 875.
722 2501 773 2550 llis
813 2501 1347 2566 temtrionalibnsetaustralibuspartibus,

246 2582 333 2625 antem
344 2579 368 2625 s.
379 2589 429 2624 vsa.
442 2589 512 2639 seqq.
522 2576 671 2638 praeclaram
683 2583 710 2626 et
721 2577 773 2626 ele·
813 2591 857 2626 ren
868 2591 915 2641 pro
927 2579 1134 2642 septemtrionali
1143 2585 1171 2628 et
1182 2579 1346 2632 meridionali

245 2659 348 2718 gentem
368 2651 481 2701 instituit
498 2651 647 2716 equinoctii
659 2651 773 2713 descrip-
814 2654 884 2717 polo.

245 2728 350 2777 tionem.
383 2725 487 2789 Duplex
499 2732 541 2774 est
559 2725 704 2789 signnm,ln
721 2739 773 2790 qno
845 2727 1000 2791 neoniam]
1025 2729 1127 2792 Nempe
1139 2729 1266 2792 tropicum
1278 2731 1348 2780 can.

244 2803 426 2866 aeqninoctinm
436 2801 573 2864 contingit,
590 2801 667 2850 Aries
685 2807 712 2851 et
732 2802 772 2850 nt·
814 2803 851 2852 eri
863 2810 892 2852 et
903 2805 1031 2868 tropicum
1043 2805 1273 2868 Capricorul,ane
1282 2813 1345 2855 sunt

245 2873 302 2939 bra,
319 2877 346 2925 in
358 2877 432 2939 cujns
445 2877 579 2940 utriusque
599 2876 673 2925 initio
683 2883 773 2925 mutus
813 2880 871 2930 duae
883 2881 1011 2943 metae,ad
1023 2895 1085 2945 quas
1097 2882 1137 2930 sol
1153 2882 1276 2943 accurrit,
1295 2883 1344 2932 sed

245 2951 275 3000 lit
289 2953 427 3018 aquatoris
447 2957 475 3000 et
494 2950 591 3000 zodiaci
612 2950 772 3002 intersectis.
814 2969 876 3020 quas
887 2971 937 3004 non
950 2956 1172 3019 pretergreditur.
1199 2957 1232 3006 ln
1241 2957 1345 3021 tropico

246 3024 306 3080 Qua
321 3029 347 3077 in
359 3027 544 3078 intersectione
560 3027 597 3076 sol
617 3028 773 3077 constitutus
814 3030 909 3080 Cancri
931 3030 961 3078 lit
981 3029 1118 3080 solstitium
1139 3029 1266 3094 hyemale.
1299 3030 1344 3082 Ad

245 3103 301 3152 dies
311 3102 429 3153 noctibus
440 3110 468 3153 et
476 3109 566 3153 noctes
576 3101 667 3153 diebus
675 3103 775 3167 pariter
814 3105 859 3155 lras
877 3111 963 3154 sutem
981 3115 1064 3156 metas
1081 3121 1138 3156 curu
1155 3107 1193 3156 sol
1213 3109 1346 3172 peruenit,

244 3175 357 3244 aquales
366 3178 462 3230 reddit.
495 3179 571 3232 erod
583 3179 686 3243 quidem
694 3178 774 3228 semel
814 3182 866 3231 iter
874 3195 947 3230 sunm
958 3180 1051 3233 flectit.

244 3249 372 3317 'contingit
384 3255 451 3302 circa
461 3257 503 3303 22.
516 3253 584 3302 diem
593 3254 686 3303 mensis
702 3253 773 3303 Mar·
845 3261 894 3306 690
908 3257 1040 3322 Signiferi]
1056 3259 1174 3321 Zodiaci,
1183 3258 1209 3308 iu
1221 3274 1272 3325 quo
1283 3275 1344 3310 corr-

244 3329 283 3393 111,
294 3336 322 3378 et
333 3330 427 3378 iterum
439 3329 509 3378 circs
530 3334 571 3378 24.
589 3330 657 3378 diem
677 3329 772 3380 mensis
813 3333 1073 3384 tinentnrduodecim
1082 3336 1167 3399 sigua,
1176 3350 1233 3400 qne
1243 3336 1282 3386 sol
1292 3338 1345 3386 ain·

243 3395 415 3470 Septembris.
809 3409 875 3471 gulis
887 3409 960 3458 aunis
971 3409 1086 3460 decurrit
1096 3426 1103 3472 ;
1120 3417 1148 3459 et
1163 3426 1220 3475 quta
1231 3412 1281 3462 lroc
1292 3413 1343 3460 dis·

288 3483 354 3531 Anni
374 3479 468 3543 Nudus]
489 3479 594 3530 Nodum
617 3479 675 3529 anni
694 3486 770 3529 vocat
809 3483 872 3533 rich.
887 3485 1068 3535 continentur:
1085 3487 1167 3536 ‘Sunt
1179 3487 1343 3548 Ariesffln-

243 3555 311 3607 illam
322 3555 771 3620 zodiacietaequatcrisintersectio·
811 3574 864 3622 rus,
887 3560 1000 3621 Gemini,
1025 3562 1136 3624 Cancer,
1161 3562 1224 3624 Leo,
1247 3562 1343 3624 Virgo,

243 3647 312 3682 nem.
812 3635 951 3696 Libraque,
968 3635 1101 3700 Scorpius,
1111 3637 1276 3697 Arcitenens,
1291 3639 1344 3688 Cs-

274 3712 323 3760 688
341 3707 422 3756 Medio
438 3721 507 3756 curm
518 3707 605 3770 flotus,
615 3705 670 3770 dm]
687 3707 769 3772 Snpp.
811 3724 868 3774 per,
880 3710 1020 3774 Amphora,
1030 3711 1137 3761 Places!

243 3783 287 3834 in:
306 3784 330 3831 Ιι.
343 3782 595 3846 e.intersqnilonem
607 3788 635 3830 et
646 3791 770 3846 austrum,
843 3791 889 3837 691
909 3787 1051 3850 Contendit]
1069 3787 1197 3852 Conterit,
1205 3789 1345 3844 consumit.

243 3853 289 3908 sen
300 3859 369 3908 inter
380 3857 516 3907 solstitium
529 3859 656 3921 activum,
674 3865 701 3907 et
713 3859 770 3908 bru·
811 3861 853 3912 Sic
866 3879 905 3913 va.
917 3867 975 3914 1118.

243 3948 326 3992 mam;
341 3945 433 3994 nempe
444 3931 470 3979 in
480 3939 621 3994 aquatore,
639 3933 664 3980 in
674 3947 723 3998 qno
732 3935 771 3984 sol
842 3941 890 3986 1193
909 3939 1006 4002 Eorum,
1020 3939 1070 4002 p'ni,
1087 3938 1140 4002 isc]
1164 3939 1199 3988 ll.
1211 3953 1235 3989 a.
1247 3939 1343 3992 Astro-

242 4023 348 4059 cnrrens
360 4009 433 4072 qnasi
446 4007 546 4056 medius
556 4008 628 4057 lucet
643 4008 712 4057 inter
722 4010 770 4058 sol·
810 4013 936 4075 logormn,
957 4020 986 4063 et
1004 4027 1092 4063 eornm
1113 4014 1158 4078 qui
1179 4015 1346 4079 scripserunt

242 4085 341 4146 aritium
352 4091 380 4133 et
391 4083 518 4146 brumam,
526 4077 770 4133 seuluteraustrnm
812 4087 990 4151 plraenornena.

243 4167 270 4208 et
283 4161 438 4224 aquilonem,
456 4157 499 4222 qni
519 4159 589 4210 venti
609 4166 678 4220 snut,
695 4159 737 4209 lric
755 4173 770 4206 a
843 4167 891 4212 1194
903 4164 1131 4227 Dispositisrigsn's]
1144 4165 1246 4230 Nempe
1257 4167 1345 4218 iussa

242 4234 438 4301 septemtrione,
449 4233 493 4282 ille
509 4246 524 4281 a
539 4234 646 4284 meridie
659 4233 732 4297 flans,
742 4241 769 4287 et
811 4238 921 4301 uonrins,
933 4239 959 4288 in
970 4253 1029 4290 suas
1040 4237 1144 4304 formas,
1153 4239 1180 4289 in
1189 4253 1248 4292 ιιιιι
1256 4241 1342 4293 sedes.
