3060 4858
270 375 337 440 944
619 389 726 438 nora
751 385 950 436 vtaronnn
975 384 1014 433 tu

270 531 318 582 eiu
333 529 414 582 inlu.
433 531 452 580 i.
463 544 488 580 e.
503 531 622 582 ‘Putant
639 543 728 578 omnen
746 527 802 577 fere
840 524 959 575 allidunt.
976 525 1009 574 lu
1016 523 1137 574 Marcelli
1144 524 1235 576 codice
1236 525 1367 589 ,antiago

272 607 416 674 philosophi
427 621 522 670 corpur
531 621 589 656 cuae
598 604 721 670 quidquid
731 605 801 668 tangi
838 603 920 651 littore
931 603 1058 666 scriptum
1069 609 1110 650 eat
1121 619 1127 648 :
1145 601 1213 662 quod
1225 602 1248 649 ai
1266 601 1371 663 probae,

272 682 379 746 potent?
418 684 516 733 Contra
536 682 605 731 idem
624 681 753 744 Epicuruu
772 679 802 728 τὸ
838 685 933 741 rugato
945 685 973 728 et
987 674 1271 726 inundetoadnctihua
1289 677 1370 725 inter-

270 757 337 808 κενὸν
354 760 473 823 appellat
489 758 618 808 interdum
635 755 705 820 otuu
713 757 801 819 daupi,
838 764 952 820 protare.
971 755 1039 803 Pina.

273 832 802 896 i.e.‘uatnranutactnsexpartem,'aive
870 833 1006 898 θυμω]
1030 833 1062 882 In
1084 833 1164 882 altum
1192 845 1313 894 appense
1340 835 1369 878 et

272 916 391 960 naturam
417 910 569 960 intuctilom.
610 908 715 959 Profert
733 909 800 958 huuc
838 907 923 958 affixue
942 909 969 958 in
987 897 1103 959 sublime.
1135 907 1248 959 nuttam
1265 906 1370 956 codices

272 1005 374 1040 verrunt
384 990 559 1040 Tertullianus
570 989 615 1038 lib.
623 994 648 1040 l.
660 989 718 1038 adv.
730 990 800 1038 hiar-
838 985 936 1036 habent
944 1000 1072 1048 cauponae:
1082 985 1151 1052 quud
1160 983 1289 1046 significat
1297 998 1370 1046 aper·

272 1067 339 1116 cion.
352 1065 425 1116 ‘Jant
432 1079 495 1115 uero
504 1066 572 1129 qnod
585 1072 682 1114 tactum
692 1066 801 1114 maxime
838 1069 883 1121 te,
902 1061 1050 1124 explicate,
1065 1075 1081 1109 a
1097 1060 1178 1110 rerho
1194 1061 1280 1123 punto.
1297 1057 1369 1108 Pina.

271 1141 453 1190 animaliaeaae
464 1141 596 1204 proprium
608 1140 725 1204 plerique
737 1141 801 1190 item
870 1141 917 1187 8⁰¹1
945 1136 1077 1201 Uueacaut]
1103 1137 1287 1196 Humeacuatz
1311 1137 1368 1185 nri·

273 1217 417 1280 philosophi
428 1217 528 1280 dicunt,
547 1216 595 1265 hoc
611 1230 662 1266 non
673 1221 714 1265 ert
725 1215 800 1279 hnjua
838 1214 908 1262 dnm.
920 1213 938 1263 i.
947 1229 971 1264 e.
983 1213 1113 1264 madidum
1125 1214 1257 1263 humorem
1268 1221 1369 1263 contra·

272 1295 440 1346 lucillauth.
838 1290 909 1339 huut.
938 1288 1369 1353 Uridmouecnlentuaatquial·

306 1373 340 1420 Et
359 1370 439 1432 magi]
454 1371 526 1421 Citat
542 1370 610 1419 hunc
627 1383 730 1420 verautn
740 1370 802 1418 'l'rr-
837 1365 1293 1428 utinmhahethnmorir,appellatur.
1311 1365 1368 1414 lda-

271 1446 393 1496 tnlilcnua
411 1460 461 1495 non
477 1452 577 1496 tantum
594 1445 714 1495 advertus
731 1445 801 1494 Mar·
839 1457 868 1492 ru
887 1443 913 1491 in
932 1443 1055 1494 Bucolico
1065 1442 1166 1492 ludicro
1179 1445 1218 1492 1⁰.
1229 1445 1270 1490 2⁰.
1287 1441 1367 1490 ‘Uri-

272 1523 373 1572 cioneut
390 1526 415 1570 d.
433 1525 458 1573 8.
473 1522 520 1570 aad
537 1529 566 1571 ot
585 1521 610 1569 lu
630 1520 674 1568 lib.
693 1519 727 1568 de
738 1519 802 1570 Ani·
839 1518 886 1570 dur
897 1519 1014 1583 hyberna
1024 1519 1097 1568 uenit
1107 1518 1139 1568 tle
1158 1518 1253 1582 glande
1269 1517 1369 1568 Menal-

272 1612 315 1646 ma
329 1597 463 1648 e.t5.iteut
481 1596 581 1647 Gallina
598 1600 674 1646 5.15.
690 1596 800 1661 qnipoa-
838 1594 900 1644 eat!
933 1593 1368 1658 DifferentipanctnreServioeat

272 1681 370 1724 tremui
381 1672 498 1736 legitcut
509 1671 588 1732 tangi.
605 1669 673 1720 Har.
838 1669 907 1720 inter
927 1669 1031 1720 uvidum
1051 1678 1078 1721 et
1096 1669 1237 1721 humidum.
1267 1669 1366 1721 Uridut

304 1751 353 1796 tud
363 1748 482 1810 noum,
491 1746 543 1810 dfe]
553 1745 612 1796 Alio
622 1761 671 1796 rea.
682 1750 708 1796 ο.
720 1747 816 1808 utitur¹
838 1746 936 1796 dicitur
953 1748 996 1812 qui
1009 1761 1112 1798 anecunr
1129 1745 1198 1796 intua
1213 1747 1301 1809 hahet,
1315 1759 1366 1796 non

271 1823 406 1887 exemplo:
425 1821 501 1888 Aqua
511 1829 551 1872 eut
565 1837 671 1886 corpur,
688 1829 716 1872 at
733 1823 801 1872 illam
838 1829 931 1872 extra:
949 1829 977 1872 et
987 1822 1096 1872 uominia
1106 1821 1315 1872 inclimentum
1325 1827 1368 1870 eat

270 1900 298 1949 in
319 1899 470 1964 particular,
489 1891 564 1949 nimio
582 1900 694 1950 minutor
709 1899 801 1962 arpini,
839 1897 944 1948 abnue:
956 1897 1267 1964 qneqnicqnidhnmoria
1277 1896 1366 1959 hahet,

271 1975 408 2042 aliquando
430 1975 511 2026 dividi
532 1975 688 2039 experimur.
716 1973 802 2024 Penni
838 1972 1006 2023 lntnrhahet.
1041 1973 1182 2023 Humidum
1200 1987 1248 2038 per
1265 1981 1369 2024 contra·

271 2053 338 2101 enim
352 2052 489 2102 autliutea
500 2053 579 2116 juxta
599 2051 802 2113 littnaexpanaa
839 2048 914 2110 rium,
940 2061 1045 2098 tuocum
1073 2049 1234 2099 extrincecut
1260 2049 1367 2098 hahens.

270 2127 533 2193 humescunt,naolia
547 2128 633 2177 calore
650 2133 735 2175 antem
752 2125 801 2175 ite·
836 2124 944 2190 Signate
962 2122 1190 2188 uignihcanterqna
1206 2125 1306 2175 loculnt
1326 2132 1369 2176 est

271 2217 327 2251 rum
339 2205 479 2262 siccantur,
491 2213 519 2252 et
530 2202 593 2252 iataa
604 2216 677 2265 aqum
688 2200 801 2263 particu—
838 2199 926 2264 potu,
940 2208 1027 2252 uertet
1045 2215 1171 2251 urescere
1187 2199 1292 2250 dicent:
1309 2215 1366 2265 quia

270 2276 309 2326 lar
322 2278 418 2326 Pannia
429 2276 582 2340 inridenter,
592 2278 634 2325 vel
645 2275 679 2324 ab
689 2276 720 2324 iir
732 2290 801 2326 reee-
837 2274 940 2326 intrare
951 2275 1194 2327 humoromomnem
1202 2274 1307 2325 habent.
1322 2277 1369 2325 Sic

271 2350 362 2399 denter
374 2365 448 2399 neruo
460 2364 572 2414 uuquam
584 2349 659 2399 vidit.
679 2350 776 2399 Creech.
837 2349 959 2414 Plantnr,
972 2351 1114 2415 puellarum
1126 2351 1270 2415 ejectarum
1284 2360 1368 2401 reaten

314 2425 477 2491 fluctifrago]
509 2426 633 2476 Nonius:
659 2427 801 2490 fluetivago.
837 2424 1084 2478 facienahumentaa
1101 2427 1215 2490 ease,aic
1235 2442 1370 2492 propemo-

270 2502 346 2552 uualo.
365 2503 421 2563 Gis.
452 2503 496 2552 Sic
506 2502 604 2552 habent
618 2508 730 2566 quatuor
740 2503 800 2554 libri
838 2503 897 2553 dum
909 2505 1006 2554 cecinit
1018 2505 1044 2553 in
1056 2503 1154 2566 sabula,
1172 2504 1214 2554 eui
1225 2505 1316 2554 titulus
1325 2513 1370 2555 eat

270 2579 486 2642 mendaciumn
498 2578 626 2642 impressi,
639 2579 801 2643 utriqueVe·
838 2580 953 2642 Rudeue‚
974 2585 997 2629 l.
1015 2585 1041 2630 l.
1059 2585 1100 2630 tt.
1120 2581 1241 2631 ‘Siccine
1258 2581 1299 2632 hic
1310 2596 1368 2632 cum

269 2657 333 2720 neti,
352 2664 379 2707 ot
398 2656 522 2718 Vicetini,
538 2663 566 2705 et
583 2657 755 2718 Pariuieuaea,
773 2663 801 2707 et
838 2654 916 2703 uvida
940 2661 1012 2704 veste
1039 2655 1239 2720 grassabimm?
1265 2655 1367 2706 Ibidem

269 2732 424 2793 Florentini,
435 2731 592 2793 etLugdun.
620 2732 800 2782 Noniuohlar-
837 2744 940 2794 qnoque
960 2735 983 2779 1.
1002 2736 1026 2779 t.
1037 2735 1061 2779 u.
1077 2730 1170 2781 ‘Unda
1189 2746 1235 2780 roa
1252 2732 1291 2780 ire
1309 2745 1368 2781 enm

270 2807 352 2856 cellua
376 2814 460 2856 tamen
481 2808 507 2856 in
530 2821 594 2857 rone
615 2821 713 2870 arreum,
731 2808 800 2858 hune
838 2808 916 2856 uvida
928 2816 1001 2857 veate
1014 2808 1124 2858 dicaml'
1142 2807 1268 2859 Horatius
1279 2808 1330 2858 Od.
1344 2814 1368 2858 l.

269 2895 372 2932 reranm
382 2889 474 2934 testem
487 2884 801 2947 producenr,legitfiurti·
837 2887 862 2930 5.
881 2886 921 2930 13.
937 2883 1001 2931 ‘Me
1018 2882 1107 2933 tabula
1123 2898 1197 2934 aecer
1217 2885 1306 2934 votiva
1323 2898 1369 2946 pa·

270 2972 340 3020 ongo,
351 2959 373 3008 ai
386 2961 457 3008 locus
468 2959 562 3008 mendo
571 2966 656 3007 vacat.
666 2958 750 3008 Lami.
768 2957 800 3007 ld
837 2956 888 3006 riea
908 2958 1007 3008 iudicat
1026 2959 1105 3008 uvida
1132 2959 1303 3022 suspendium
1321 2974 1367 3023 po·

271 3036 376 3098 proprie
385 3036 476 3086 Greci
486 3041 581 3084 vocant
591 3033 739 3096 miramur,
751 3034 768 3082 i.
777 3049 800 3083 e.
837 3035 902 3083 tenti
912 3035 1076 3084 Vestimenta
1087 3036 1164 3086 maris
1176 3036 1251 3086 Deo!
1271 3035 1367 3086 Acron.

269 3109 379 3172 αἰγιαλοῦ
401 3108 535 3172 drumm.
559 3109 618 3160 rat.
657 3111 750 3172 Recte,
771 3115 801 3158 ut
838 3110 1366 3172 uuida,madido.madiduaextrinaecnr:

269 3184 631 3235 notat‘l'nrneh.Adu.tl.ld.
643 3184 800 3247 quialittura
837 3189 928 3238 nridna
949 3189 1112 3239 intrinsecus.
1132 3188 1202 3239 Plau.
1233 3189 1258 3238 1.
1277 3203 1301 3238 e.
1321 3189 1367 3238 lut·

268 3258 374 3312 fluctum
384 3262 433 3310 nihl
445 3262 538 3310 illisum
548 3259 681 3322 frangunt,
691 3267 721 3310 nt
731 3259 799 3323 apud
837 3271 971 3314 mereunt:
992 3279 1025 3312 ex
1045 3279 1096 3328 quo
1119 3263 1198 3314 verbo
1218 3263 1248 3313 tu
1267 3264 1366 3314 nvidna.

269 3335 362 3387 Horat.
372 3335 424 3386 Od.
434 3340 458 3384 1.
469 3341 508 3385 tl.
519 3341 542 3384 ⁵.
553 3336 631 3387 ‘Qum
641 3349 709 3384 nunc
718 3336 801 3399 pumi-
838 3339 932 3389 Horat.
947 3339 999 3389 ot.
1017 3344 1041 3389 l.
1053 3345 1077 3388 ὅ.
1096 3353 1133 3388 va.
1148 3343 1187 3389 to.
1205 3338 1300 3388 ‘uvida
1309 3341 1368 3388 Sua·

267 3411 341 3461 cihur
353 3410 479 3475 oppositio
496 3410 617 3460 debilitat
635 3409 722 3459 mare!
739 3410 799 3469 ἀπὶ,
837 3414 957 3475 pendisse
980 3415 1083 3479 potenti
1104 3415 1270 3464 Vestimenta
1290 3416 1366 3464 maria

267 3502 371 3552 quoqne
389 3487 490 3538 Graecir
507 3500 523 3535 a
542 3484 685 3548 frangendo
703 3485 800 3536 dicitnr
837 3489 914 3539 Deo!
950 3490 1041 3553 virgil.
1054 3491 1080 3540 in
1091 3490 1167 3540 Gallo
1180 3495 1219 3540 tu.
1230 3495 1272 3540 2⁰.
1290 3491 1368 3539 ‘Uri-

266 3559 350 3611 littna.
381 3561 512 3610 Haecille.
529 3560 596 3608 Hau.
630 3560 741 3622 Elegaus
757 3562 799 3611 tit·
836 3563 884 3614 dur
903 3565 1008 3615 hiberna
1021 3566 1093 3616 uenit
1104 3567 1137 3616 de
1154 3567 1247 3628 glande
1267 3565 1367 3614 Menal-

268 3635 332 3684 toria
350 3636 503 3700 Epitheton,
520 3635 640 3684 amulum
661 3635 800 3686 Homerico
836 3641 897 3690 cau!
929 3641 1028 3691 lterum
1042 3641 1135 3691 Horat.
1145 3641 1232 3692 out.
1244 3647 1267 3691 ὅ.
1278 3657 1315 3691 re.
1326 3645 1368 3692 39.

266 3708 305 3758 illi
317 3711 393 3758 maria
406 3711 423 3759 l.
437 3716 459 3761 t.
470 3715 511 3760 ot.
523 3711 586 3774 raph
595 3713 646 3760 θῖνα
655 3711 800 3774 voluptale-
835 3717 843 3743 ‘
854 3717 960 3767 dicimur
977 3719 1080 3781 integro
1096 3719 1164 3769 Sicci
1176 3733 1251 3769 unane
1262 3720 1313 3782 die,
1329 3719 1367 3767 di·

267 3787 320 3840 βοω
330 3781 458 3843 θαλάσσης.
476 3786 563 3847 Preig.
836 3792 917 3842 cimus
929 3793 1009 3855 uvidi,
1020 3795 1085 3844 Cum
1095 3796 1140 3844 Sol
1152 3809 1250 3845 oceano
1262 3794 1369 3844 aubert!

300 3859 453 3922 Flaclffrngo
469 3860 566 3934 liltore]
597 3863 705 3912 Fluctua
731 3863 799 3914 fran-
835 3868 921 3917 Varro
932 3872 956 3917 d.
969 3868 1001 3918 de
1014 3870 1041 3919 h.
1053 3871 1080 3919 la.
1097 3870 1228 3919 ‘liuidum
1239 3875 1289 3932 eat,
1299 3869 1365 3935 quod

268 3943 356 3999 geute,
376 3935 418 3998 qui
438 3935 463 3983 iu
486 3951 556 3986 anani
573 3937 695 3988 duritiem
713 3938 799 3989 incur·
835 3941 976 4007 humidum,
986 3952 1014 3995 et
1024 3944 1083 3994 ideo
1096 3946 1140 3994 uhi
1152 3945 1178 3994 id
1190 3959 1242 3995 non
1252 3952 1300 4007 eit,
1310 3959 1367 3994 unc·

268 4017 338 4061 runt.
372 4011 535 4074 Franguntur
555 4013 622 4062 euim
642 4011 736 4064 flnctua
755 4016 799 4078 qul
836 4019 1079 4072 cnsabeat.'lamb.
1107 4021 1148 4070 De
1160 4020 1264 4072 humido
1275 4027 1303 4070 et
1313 4022 1366 4070 uvi-

268 4088 301 4137 ad
324 4088 398 4138 littua
420 4085 503 4149 iprum
527 4087 663 4138 accedunt.
706 4088 800 4152 Littur,
837 4093 1055 4158 dodirputantem
1064 4096 1097 4145 ad
1108 4095 1175 4145 hunc
1184 4095 1366 4146 locumridere

269 4171 376 4216 anctore
394 4165 420 4214 in
429 4165 534 4228 Topicis
547 4165 638 4215 Marco
648 4164 745 4227 Tullio,
756 4181 799 4216 ro·
836 4178 876 4219 eat
895 4172 1060 4224 Ferruciacum
1080 4173 1213 4228 hultinum
1226 4174 1331 4238 Patorg.
1343 4178 1367 4225 ².

195 4281 198 4288 .
269 4251 344 4294 catur
364 4243 422 4294 ideo
441 4242 510 4307 quod
526 4242 596 4294 eirca
608 4243 692 4306 iprum
703 4240 799 4294 fluctuo
836 4251 877 4298 26.
894 4247 961 4298 lino.
