3128 4858
471 439 520 487 na
546 437 765 490 anserinus
790 437 1094 488 irneurnueruu.
1264 424 1330 494 851

229 583 272 634 ille
284 583 371 649 paeisei
382 583 502 634 desumto
514 583 609 638 furiens,
619 582 653 629 ita
664 589 690 628 nt
699 581 781 629 eadern
793 581 832 629 die
843 580 970 637 efferretur,
981 594 1112 629 seruauere
1123 580 1222 645 graviter
1232 583 1331 632 mulcta-

231 667 307 713 batur.
338 665 478 715 ¹Celebrant
497 663 644 712 Pisistratum
658 661 770 719 historie,
780 661 895 710 referente
906 660 1039 724 Eustathio,
1049 663 1113 724 qued
1124 662 1224 712 comites
1239 678 1331 725 semper

230 746 338 794 babuerit
351 746 411 794 daos
427 752 501 792 tresve
514 743 606 806 gerulos
617 742 778 806 pecuniarum,
795 755 853 805 qaas
864 741 941 790 aliena
951 741 976 789 in
986 742 1069 790 funera
1090 742 1244 806 impenderet.
1275 743 1332 791 Sus-

229 823 320 871 tollitur
330 839 423 872 necnon
434 821 552 871 hCimonis
563 823 638 885 pietas
647 823 672 870 in
679 822 811 884 complures
818 835 933 884 pauperes
940 829 1051 878 mortuos,
1070 821 1113 885 qui
1122 824 1185 872 unde
1196 822 1332 872 efferrentur

232 919 287 951 eum
305 919 353 951 non
369 903 524 967 reliquissent,
543 917 586 949 sao
602 910 680 950 sumtu
696 901 789 958 extulit,
810 907 921 964 e(ursaque
934 901 1020 950 Tbesei
1039 901 1142 964 insuper,
1154 918 1238 966 magno
1251 904 1331 952 stadio

199 1007 207 1016 -
230 983 372 1047 conquisita,
381 981 509 1045 reportavit
518 981 614 1030 undem
625 980 740 1028 Athenas.
771 979 870 1044 “Neque
885 987 997 1043 preterea
1013 981 1120 1044 ignorare
1134 981 1171 1030 fas
1186 989 1222 1031 est
1240 983 1332 1048 insigne

227 1061 326 1126 pietatis
336 1061 446 1118 officium,
458 1062 522 1124 quod
536 1060 637 1123 jubebat
649 1060 733 1109 Attica
750 1061 808 1119 Iex,
826 1061 846 1109 si
863 1061 958 1124 quando
979 1061 1122 1124 insepultum
1141 1062 1242 1110 bominis
1257 1062 1333 1126 ignoti
1402 1091 1404 1095 ·

231 1141 399 1190 eadaverforte
416 1141 570 1200 occurrissem
588 1147 670 1188 terram
687 1147 800 1203 ‘namque
816 1139 913 1203 injicere
924 1141 1005 1189 saltem
1022 1142 1124 1190 debebit
1135 1141 1242 1190 viatoria
1254 1159 1280 1190 os
1290 1143 1334 1192 de·

233 1220 318 1278 functi,
329 1219 435 1284 illudque
443 1227 478 1268 ter
486 1235 556 1268 mana
565 1219 645 1282 plena,
656 1235 698 1282 pro
709 1219 837 1282 sepultura,
847 1219 915 1281 cujus
928 1221 1065 1282 prestaades
1076 1228 1132 1269 tune
1140 1235 1188 1268 non
1199 1229 1248 1270 eret
1258 1222 1334 1270 facul·

233 1307 279 1347 tas.
311 1298 407 1349 Deinde
421 1300 456 1348 ita
473 1307 581 1363 receptus
600 1299 639 1346 bic
656 1296 715 1346 'mos
732 1305 757 1346 et
767 1298 840 1347 veluti
858 1299 1008 1356 necessarius,
1025 1307 1053 1346 ut
1069 1300 1223 1363 requireretur
1239 1301 1333 1352 etiams

233 1387 390 1442 properantes
417 1379 482 1442 quod
499 1378 546 1428 nisi
563 1378 666 1434 fecisset,
684 1377 807 1426 ridebatur
824 1393 874 1426 esse
892 1379 1048 1428 texeerabilis.
1081 1380 1137 1428 Non
1154 1379 1258 1444 ¹’glebam
1279 1397 1333 1432 vere

231 1457 353 1520 jaciebant
369 1459 395 1506 in
412 1466 524 1515 manuos,
540 1458 582 1506 sed
592 1459 661 1520 χοῦν,
678 1459 702 1504 lt.
711 1473 734 1509 e.
746 1465 829 1506 terram
843 1457 958 1506 solutam:
975 1460 1041 1523 quod
1051 1459 1146 1522 quidem
1157 1460 1257 1510 officium
1268 1463 1334 1512 diee-

234 1538 292 1584 bant
306 1535 454 1593 thelim
462 1539 510 1598 ’γῆν
520 1553 561 1586 seu
569 1535 646 1586 *alvo
655 1535 774 1592 retineo,
784 1537 860 1593 ueriti,
872 1537 956 1594 forsan,
969 1553 1060 1601 gravem
1068 1540 1182 1588 defuneto
1191 1541 1301 1598 futuram,
1312 1543 1334 1592 ai

232 1617 391 1682 solidaretque
401 1626 531 1682 eompaetx.
563 1616 624 1666 Here
634 1618 761 1681 depietate
769 1615 949 1665 Atheniensium
969 1619 993 1665 in
1005 1620 1137 1668 defunctos.
1170 1620 1209 1668 De
1230 1621 1333 1672 funebri·

236 1697 341 1744 busrero
350 1698 442 1746 illoruro
453 1698 536 1746 ritibus
550 1697 676 1746 illustrium
687 1698 794 1760 quedam
812 1704 901 1745 tantum
908 1699 1013 1760 seligam,
1028 1699 1113 1748 veritus
1128 1701 1220 1749 lscwris
1238 1701 1334 1752 tedium

234 1783 307 1840 atque
322 1778 479 1841 suspicionem
497 1778 523 1826 in
541 1791 567 1826 re
586 1776 756 1826 obscurissima.
794 1775 946 1839 Quapropter
963 1779 1035 1826 duces
1053 1793 1136 1842 sequar
1154 1779 1254 1828 melioris
1270 1787 1333 1830 note

234 1863 351 1914 auctores,
366 1873 397 1906 ne
408 1858 502 1906 vacillet
521 1857 591 1914 fides,
611 1858 782 1920 improbeturre
802 1865 906 1904 noenum
922 1857 1068 1921 florilegium.
1100 1858 1151 1906 Erit
1165 1875 1219 1908 rere
1238 1862 1333 1909 desum·

235 1937 312 1984 &ntis
329 1937 406 1985 exitus
420 1936 534 1986 institutis
544 1937 656 1986 orationis
672 1939 801 1987 exordium.
833 1937 868 1986 Ut
886 1937 948 1986 enim
959 1953 1091 2001 supremum
1102 1939 1146 1987 sibi
1157 1940 1260 1989 illuxisse
1271 1940 1334 1990 diem

234 2017 381 2066 intellexerat
394 2025 517 2081 egrotans,
526 2019 631 2067 deuscm
643 2018 686 2067 sibi
696 2017 800 2076 ¹srsssule,
811 2018 893 2066 cariori
907 2019 1027 2081 prebebat
1034 2036 1041 2079 ς
1059 2020 1123 2082 quod
1139 2019 1222 2068 fecisse
1233 2019 1335 2070 Alexan·

234 2097 302 2146 dmm
313 2104 442 2146 memorent
451 2097 563 2147 historici.
596 2098 659 2146 ilino
677 2098 802 2163 postremis
818 2097 864 2146 illis
882 2098 978 2162 proluis
994 2099 1077 2155 verbis,
1095 2101 1123 2132 '¹‘
1135 2099 1204 2158 Vive,
1218 2117 1246 2150 ae
1257 2097 1334 2159 Vale,'

234 2178 335 2226 animans
347 2177 470 2226 exhalabat
486 2178 513 2227 in
526 2180 650 2242 complexu
665 2187 690 2228 et
702 2179 782 2228 osculo
798 2179 888 2228 dilecti.
919 2178 968 2228 »os
978 2193 1079 2242 nanque
1091 2181 1219 2228 eredebant
1234 2181 1334 2244 januam

233 2271 287 2304 ease
303 2257 396 2316 anime,
413 2273 483 2321 qnam
501 2258 630 2322 fugientem
648 2259 757 2323 apposito
775 2259 909 2308 nitebantur
925 2259 1032 2322 excipere
1051 2259 1125 2308 biatu.
1156 2261 1195 2309 stc
1214 2260 1335 2326 Antigone

235 2337 300 2400 apud
317 2335 398 2402 Eurip.
413 2339 437 2386 in
453 2339 569 2388 Pbrsuiss.
585 2339 805 2396 ‘Oamasrtissime
822 2338 879 2403 quin
890 2348 916 2388 et
929 2355 956 2386 os
967 2347 1031 2388 tuum
1048 2339 1173 2404 applicabo
1189 2341 1223 2390 ori
1235 2341 1250 2390 :’
1267 2341 1335 2405 cujus

235 2415 314 2466 forsan
331 2420 439 2482 exemplo
457 2425 482 2468 et
497 2419 568 2468 Anna
578 2420 643 2482 apud
651 2419 786 2483 Virgilium,
802 2426 822 2452 ⁰⁴
832 2427 857 2468 et
866 2425 983 2466 extremus
992 2418 1011 2466 si
1022 2418 1074 2482 quis
1091 2435 1159 2482 super
1170 2419 1256 2468 balitus
1266 2427 1334 2478 errat,

237 2495 286 2546 Ore
300 2496 377 2561 legam
387 2497 403 2544 :'
422 2505 449 2546 et
466 2498 547 2546 ateis
557 2500 621 2563 epud
630 2497 813 2556 Albinovanum,
822 2505 829 2526 ⁴
839 2498 934 2561 Sospite
941 2505 963 2545 te
974 2499 1055 2546 saltem
1063 2499 1148 2548 monet
1155 2499 1220 2547 Nero
1232 2509 1271 2548 :tu
1283 2516 1336 2550 mea

235 2578 325 2626 condas
335 2577 444 2635 lumina,
455 2586 480 2626 et
488 2579 591 2642 excipias
600 2580 661 2628 bane
672 2579 773 2628 animam
787 2593 826 2628 ore
837 2578 894 2642 pio.’
916 2579 1067 2641 Quapropter
1077 2579 1172 2627 senilem
1190 2580 1291 2628 animam
1309 2580 1335 2628 ia

235 2657 330 2720 ‘tprimis
342 2657 412 2707 labris
431 2659 519 2716 baberi,
537 2659 574 2706 rel
585 2659 609 2706 in
629 2658 702 2721 primo
721 2673 770 2715 ore,
789 2658 903 2721 paroemia
919 2663 969 2706 erat
987 2656 1071 2706 Βοιιιιιι
1089 2667 1210 2716 conmeta,
1220 2659 1336 2722 nobisque

239 2739 364 2788 vernacula
379 2739 429 2797 illa,
446 2755 495 2786 non
511 2739 654 2802 infrequens,
674 2738 798 2786 ‘Animam
810 2739 920 2787 dentibus
930 2737 1053 2794 detinere,'
1068 2753 1099 2784 ne
1109 2736 1195 2796 avolet,
1212 2737 1336 2798 seilicet,a

238 2820 416 2882 monogrammis
435 2827 507 2882 atque
525 2820 673 2884 depontsnis.
696 2819 766 2870 Hane
783 2834 839 2868 vero
849 2817 1010 2866 eredulitatem
1022 2815 1114 2872 Graecia
1124 2817 1149 2864 in
1159 2832 1203 2866 nos
1213 2817 1337 2870 derivavit.

239 2897 303 2948 Nam
319 2909 345 2948 et
362 2899 500 2950 Aristoteles
517 2900 643 2950 'literamm
668 2901 825 2950 monumentis
839 2899 944 2956 tradidit,
970 2899 1024 2946 vilse
1042 2899 1153 2960 protasim
1170 2898 1333 2962 inspiratione,

236 2981 401 3044 manephei
416 2980 733 3044 expirationeeireuroseribi.
765 2980 853 3028 Verum
871 2979 945 3026 Iivisa
960 2986 1044 3026 nostro
1056 2984 1111 3024 vota
1120 2985 1248 3041 suggerunt
1268 2979 1336 3027 nobis

237 3067 263 3110 et
270 3059 332 3108 aliud
340 3059 366 3108 in
374 3061 511 3111 morientem
522 3060 632 3118 officiunt,
644 3062 708 3125 quod
717 3060 795 3110 Gresei
805 3061 921 3123 καθαιρεῖν
929 3057 984 3108 reis
993 3057 1135 3121 beowii,
1145 3057 1224 3106 latini
1235 3059 1336 3110 condere

239 3140 277 3188 rel
293 3147 371 3204 tegere
389 3141 568 3191 oculosdixere.
602 3141 709 3196 Isenim,
720 3139 770 3203 ‘qui
787 3138 899 3188 affinitate
913 3144 1044 3186 autamore
1052 3137 1154 3200 reliquos
1162 3137 1273 3195 anteibat,
1285 3139 1336 3201 pel.

239 3220 323 3284 pebras
339 3221 473 3270 deducebat
488 3223 657 3270 incunctanter.
688 3222 728 3270 ‘In
742 3235 875 3285 supremam
892 3217 956 3267 enim
972 3216 1073 3280 spectari
1091 3217 1172 3266 oeulos
1191 3217 1221 3266 ab
1241 3218 1336 3272 bomine

239 3299 306 3348 nefas
316 3299 485 3350 existimabant.
518 3300 608 3359 Quanti
618 3317 672 3350 vero
689 3302 801 3359 facerent,
812 3299 877 3365 qued
888 3297 999 3361 diximus,
1009 3296 1103 3362 pietatis
1118 3296 1246 3360 specimen,
1256 3298 1335 3348 videre

736 3397 844 3448 NOTAE

272 3491 582 3544 *neomutus-leem.
842 3490 932 3540 'Diod
942 3491 990 3538 stc.
999 3488 1055 3538 Vel.
1065 3488 1132 3536 Max.
1141 3487 1157 3534 l.
1170 3502 1216 3536 vrr.
1226 3488 1251 3534 in
1261 3487 1304 3537 tin.

271 3555 454 3608 bAEmiJAErob.
839 3555 961 3604 ·Servtus
972 3553 1066 3602 r.AEn.

272 3621 413 3669 ePlutarch¹
424 3620 526 3670 inVrta.
840 3619 1016 3668 ”Aristaenetus
1028 3617 1044 3664 Ι.
1055 3630 1086 3664 ιι.
1097 3615 1174 3680 Epist.
1183 3619 1207 3665 ⁷·
1215 3623 1240 3664 et
1247 3620 1271 3664 9.
1281 3615 1336 3663 Pla·

269 3683 465 3734 ‘Demosthenes
474 3687 565 3734 advers.
573 3684 698 3734 Maeartat.
807 3689 834 3732 tn
845 3682 941 3733 annia.
952 3680 1110 3745 insigathon.

272 3749 384 3798 ‘AElian
405 3749 421 3796 Ι.
431 3765 454 3796 v.
470 3749 527 3800 Ver.
544 3747 607 3797 llist.
625 3747 767 3798 Phoeilides.
840 3747 903 3796 ⁰Vir
921 3763 973 3795 .1v.
985 3746 1080 3795 AEneid.

240 3812 362 3862 Moschus.
377 3812 513 3876 Sophocles.
532 3812 621 3861 Acron.
839 3763 1028 3874 tlninioedio.
1058 3821 1061 3830 '

272 3875 349 3926 siler.
360 3876 407 3924 Od.
416 3875 713 3934 ns.1.1.QutnsDoets.
839 3875 985 3924 aeeneosin
1000 3875 1047 3938 Ep.
1057 3876 1097 3923 30.
1130 3873 1214 3922 Senee.
1224 3871 1332 3938 Tmou.

269 3939 665 4006 asophool.8oholixst.inAntig·
807 3939 913 3987 mttere.
921 3939 975 3987 Fur.

271 4002 568 4068 tEusanSophoct.t.c.
841 4003 914 4051 rub.
925 4003 956 4050 de
965 4001 1032 4066 Insp.
1041 4009 1066 4050 et
1075 3998 1151 4065 Rssp.

273 4067 380 4117 ίᾸΕΙῖιιιι.
392 4067 407 4116 Ι.
418 4085 440 4118 o.
842 4065 942 4130 'Eurip
953 4067 978 4114 in
989 4067 1073 4115 Phoen.

271 4131 423 4202 *Sophocles
433 4133 479 4182 le.
841 4135 851 4166 ⁸
861 4131 923 4180 Plin.
935 4131 951 4180 l.
964 4146 1001 4180 xx.
1012 4145 1034 4181 e.
1045 4133 1086 4180 st.
