3050 4852
284 405 316 451 r.
340 403 520 452 tuons'ru
547 404 634 452 cunr
661 403 710 451 nn
736 404 867 453 naeuus
894 407 982 458 nur.
1009 408 1082 458 urs.
1108 410 1131 457 t.
1167 433 1169 436 -
1204 392 1270 460 689

173 559 258 598 serunt
269 546 329 597 est.'
342 547 402 596 Fui.
741 561 782 597 ma
793 554 853 597 suut
864 548 1049 599 indissolubilia
1058 555 1086 599 et
1097 556 1206 614 aeterna,
1219 567 1270 602 non

207 627 256 672 616
271 623 372 672 Nosses
382 623 492 687 stilorum
520 624 568 673 Est
579 622 704 686 διόρθωσις,
741 623 802 687 quia
826 624 941 688 partibas
956 633 1058 684 carent,
1074 627 1119 678 sed
1133 628 1192 692 quie
1211 644 1269 690 per-

175 713 220 748 seu
230 696 410 764 notasses,
422 713 559 764 perquam
576 700 704 761 decimi,
741 697 813 749 fecta
829 700 960 750 soliditate
976 702 1099 763 pollentia
1111 703 1180 752 uuila
1190 704 1214 751 vi
1224 704 1273 752 dif-

174 774 705 840 quodsuperioreserandixerat,proinde
741 774 829 839 iringi,
851 786 896 826 aut
914 777 1003 833 divelli
1022 779 1131 841 possint«.
1160 779 1187 828 si
1210 795 1271 830 vero

174 866 205 901 ac
216 853 285 902 siita
296 851 380 902 dicat:
398 851 443 900 aeti
455 866 487 900 ue
495 851 644 915 erres,audi
653 866 704 915 quo
741 853 796 916 quis
807 859 888 916 roget,
903 853 1001 904 Quales
1011 864 1071 904 suut
1082 855 1140 904 istae
1157 861 1244 918 partes
1256 871 1271 906 a

175 935 256 990 pacto
284 927 317 977 sit
337 929 387 977 iroc
408 928 614 990 intelligendum,
634 926 703 991 quod
742 929 834 992 quibus
851 930 955 979 Semina
974 931 1057 994 prima
1074 939 1273 995 tanquamcom·

175 1003 239 1062 dixi,
249 1005 332 1067 prima
343 1017 453 1067 corpora
464 1004 575 1053 minimis
587 1003 704 1067 partibus
743 1006 827 1068 posita
835 1007 1033 1070 concipiuntur?
1050 1009 1130 1072 Resp.
1149 1011 1198 1058 Ena
1215 1011 1271 1059 nui-

174 1081 270 1143 stipata
281 1088 338 1129 arte
347 1081 495 1130 conterere:
513 1081 643 1130 nonenim
655 1081 704 1130 iroc
743 1083 779 1130 ias
796 1083 891 1132 habere
910 1091 1009 1145 partes,
1026 1091 1053 1132 et
1064 1097 1120 1133 ease
1132 1086 1274 1134 mathema·

174 1155 270 1216 sentio,
281 1155 362 1219 prima
373 1169 483 1219 corpora
493 1171 528 1206 ea
544 1158 653 1206 ttiisram
666 1171 704 1206 re·
741 1159 821 1209 ticas:
839 1160 889 1210 nis‘i
906 1161 973 1208 euim
987 1160 1050 1209 talia
1061 1161 1167 1209 minima
1177 1159 1271 1209 daren-

175 1245 230 1282 tmn
242 1240 310 1282 caetu
325 1240 405 1298 atque
423 1247 562 1297 congressu
574 1249 633 1284 esse
644 1247 703 1284 con·
743 1243 794 1300 tur,
810 1236 880 1284 nulia
895 1242 963 1284 esset
975 1237 1042 1285 inter
1055 1235 1120 1284 Rem
1133 1234 1271 1284 maximam

174 1313 258 1370 creta,
274 1321 332 1358 eum
355 1309 407 1359 siut
428 1310 633 1373 simplicissima:
657 1310 705 1361 aed
742 1318 771 1363 et
800 1311 930 1362 minimam
951 1311 1123 1374 inaequalitas,
1152 1311 1271 1374 quonium

174 1383 379 1450 lsocaigniiicare
397 1387 517 1450 ruini,ea
535 1401 592 1438 esse
604 1388 704 1438 solidis·
742 1397 854 1454 utraque
875 1402 917 1438 res
934 1387 1049 1437 infinitas
1070 1393 1158 1453 partes
1174 1388 1272 1450 pariter

174 1459 288 1522 sima,et
304 1461 496 1526 incompacta,
514 1469 543 1512 et
558 1465 705 1527 stipata,ut
742 1467 906 1525 contineret3
935 1463 1046 1528 ideoque
1072 1469 1180 1526 utraque
1200 1471 1272 1512 esset

174 1551 258 1601 neque
270 1537 361 1602 frangi,
372 1553 457 1604 neque
469 1540 576 1590 dissolri
588 1540 641 1589 uilo
652 1553 705 1590 mo·
742 1542 850 1593 infinita.
882 1541 1011 1603 Epicurus
1031 1538 1113 1603 Epist
1135 1537 1168 1586 ad
1187 1537 1274 1593 Herm

174 1613 210 1662 do
221 1615 327 1676 possint.
344 1617 428 1665 Lami.
743 1614 1097 1681 ᾶοῐῐιπι,ο66εΐνομ1ζεινέντῷ
1104 1612 1218 1678 ὡρισμένῳ
1225 1613 1271 1662 rsi-

209 1691 265 1740 Nota
274 1706 304 1740 ess
314 1692 426 1756 aliorum]
444 1693 570 1757 Geitot'p.
582 1693 640 1744 cod.
652 1695 704 1742 iiis-
742 1715 799 1759 μιπι
813 1695 917 1758 &seipsos
932 1694 1016 1753 ὄγκους
1031 1689 1095 1740 εἶναι·
1105 1691 1159 1740 atre
1170 1689 1217 1752 γὰρ
1228 1705 1270 1738 σα-

175 1780 238 1815 t’tttn.
256 1769 344 1832 Lego:
361 1770 465 1832 diarum,
476 1785 514 1820 ac.
526 1771 647 1835 partium.
672 1770 706 1820 id
742 1771 896 1837 pand-tresidii
903 1765 1272 1832 drnkrsssispdislirstposiiyrsot

176 1851 239 1908 puto
251 1859 340 1894 sensus
352 1847 477 1910 postuiat.
495 1847 581 1909 Pres’g.
743 1850 769 1900 tr
783 1869 827 1900 ror
847 1847 998 1912 ὑπάρχουσιν,
1014 1843 1068 1893 iuri
1084 1845 1167 1902 νοῆσαι
1180 1845 1230 1892 usis
1242 1843 1271 1890 ds

207 1925 255 1971 616
273 1922 320 1971 Sed
331 1923 419 1987 mqgis]
441 1922 519 1972 Ἀλλὰ
534 1925 637 1984 μᾶλλον,
659 1923 704 1974 sed
742 1925 777 1976 ers
791 1922 964 1990 πεπερασμένον
978 1923 1049 1971 τοῦτο
1065 1921 1101 1980 εἴη
1117 1920 1152 1968 sd·
1163 1918 1270 1982 peresos.

176 1999 270 2060 potins.
289 1999 370 2049 Mul.
744 2003 841 2053 Cresci.

208 2077 256 2124 tlt
275 2075 357 2138 Neque
377 2077 482 2126 deminui
494 2076 559 2142 jum]
584 2077 628 2127 Sic
646 2075 704 2126 eod.
773 2083 821 2129 617
840 2073 1118 2141 Expuniissiustuitia]
1140 2071 1215 2124 Quod
1228 2072 1272 2120 ab·

175 2149 342 2201 Bertiniantt
353 2158 382 2201 et
393 2153 599 2202 Memmianuset
609 2153 706 2202 Veneti
742 2155 864 2215 surdum
891 2168 950 2202 nam
968 2153 1013 2202 ubi
1030 2151 1062 2201 ad
1084 2147 1273 2212 dnaxarrirarss

176 2229 258 2291 antiq.
280 2241 343 2292 quos
363 2236 468 2278 secutus
489 2243 553 2279 eum.
573 2235 652 2294 atque
669 2231 706 2280 ita
743 2233 881 2294 devenero,
902 2237 955 2279 turn
978 2229 1068 2278 iicebit
1086 2227 1272 2291 Peripateticis

176 2304 323 2366 legendum.
340 2305 424 2355 Lami.
743 2323 821 2372 porro
832 2320 957 2371 pergem
981 2305 1050 2354 unde
1066 2303 1114 2354 fiet
1125 2311 1154 2354 ut
1167 2304 1205 2353 bis
1216 2303 1272 2352 mii·

208 2383 256 2430 ott
275 2380 406 2430 &aerum
425 2381 513 2432 umisa
532 2382 611 2447 redas]
638 2383 706 2435 Nam
744 2385 834 2434 iesims
854 2397 913 2448 pars
925 2383 952 2431 in
965 2381 1074 2432 totidem
1090 2387 1179 2445 partes
1197 2393 1271 2443 aeque

177 2457 199 2507 si
217 2457 323 2506 daretur
341 2455 436 2508 fractio
460 2457 492 2506 ad
511 2457 706 2522 infinitumque·
743 2459 823 2510 dividi
843 2458 933 2523 possit,
960 2472 990 2507 ac
1018 2457 1137 2506 univorsa
1158 2456 1272 2520 corporis

176 2534 288 2583 cessario
299 2534 629 2597 specieademiuuerentur.
648 2535 706 2584 Fui.
743 2537 830 2586 moles.
850 2535 909 2584 Fui.

209 2614 259 2659 616
276 2609 415 2672 Minimum]
439 2611 462 2659 t.
486 2623 510 2660 e.
529 2609 637 2674 aliquid,
656 2622 707 2674 quo
775 2614 824 2658 618
842 2609 935 2672 Quippe
945 2607 997 2671 aba]
1024 2609 1047 2657 i.
1062 2609 1274 2672 equippecum,

178 2687 247 2735 aliud
265 2687 348 2735 miuus
368 2700 425 2736 esse
447 2701 498 2734 nou
519 2686 606 2749 possit.
624 2686 707 2736 Muti.
744 2699 800 2745 seu,
821 2685 916 2748 qnippe
939 2685 1007 2748 quia.
1033 2684 1119 2734 lurni.
1152 2685 1274 2737 (litando-

178 2763 260 2812 Modo
279 2769 408 2812 statuerat
425 2763 523 2812 semina
543 2763 708 2826 expertibus
744 2761 856 2828 quidem.
874 2760 935 2809 Ful.

179 2847 307 2904 conceptu
316 2841 426 2889 minimis
434 2841 562 2903 componi,
573 2841 634 2889 talia
647 2855 707 2890 vero
777 2838 893 2888 Disaida’oe
902 2837 979 2899 pariis
987 2834 1055 2899 pars]
1075 2835 1202 2900 Suspecta
1211 2835 1275 2885 milti

178 2916 283 2965 minima
304 2931 361 2965 esse
379 2931 430 2965 sss.
448 2921 488 2965 lt.
509 2917 642 2966 notissimo
653 2917 707 2978 iiio,
745 2921 786 2964 est
796 2914 886 2963 littera
898 2919 1036 2976 postrema.
1071 2913 1276 2964 Namcurdr'sas'-

179 3007 231 3055 qno
247 3007 335 3041 omnes
353 2990 407 3041 fere
427 2991 572 3055 philosopiti
590 2999 708 3056 utuntur,
744 2991 791 3038 dias
801 2989 881 3053 parata
896 2993 985 3052 perlem
998 2988 1093 3051 potius,
1104 3004 1179 3052 qnam
1191 2992 1274 3053 ipsam

181 3075 332 3130 argumento
348 3065 493 3116 confirmat.
524 3066 555 3115 In
573 3068 612 3116 iris
628 3069 708 3116 serai-
745 3068 813 3117 iiiatn
824 3075 925 3131 partem
934 3066 1067 3116 dimidiam
1076 3067 1155 3117 dixit?
1167 3067 1274 3118 deinde:

181 3143 229 3190 bus
240 3142 400 3206 explicandis
419 3156 469 3191 non
488 3151 540 3190 tam
558 3143 708 3206 interpretis
745 3149 840 3208 quotum
860 3143 1054 3205 dimidicpurta'a
1070 3147 1162 3207 purtem
1173 3144 1275 3207 potissi-

179 3233 255 3283 qnam
268 3220 371 3283 patroni
387 3225 476 3282 partes
487 3218 541 3282 agit
550 3218 710 3281 Gassendus,
746 3233 814 3268 mum
826 3219 889 3268 velit
901 3218 1009 3282 intelligi
1030 3233 1081 3269 non
1093 3219 1173 3270 addit.
1206 3220 1287 3282 Quid·

181 3303 209 3343 et
233 3293 350 3344 ereretii
376 3293 531 3342 sententiam
555 3293 662 3357 corrigit
683 3301 710 3343 et
746 3295 768 3343 si
789 3296 921 3358 legamus:
949 3295 1055 3344 utmtctoe
1072 3297 1150 3359 partis
1163 3311 1208 3360 pur
1226 3308 1275 3360 pro

180 3370 311 3432 emendat,
323 3369 497 3433 potiusquam
515 3369 640 3432 explicat.
671 3369 710 3418 si·
747 3371 920 3435 quarisparte
930 3370 1046 3420 dimidia.
1079 3371 1195 3421 Dimidia
1210 3386 1277 3435 quur·

181 3461 233 3511 qua
252 3446 366 3495 enimait
383 3446 410 3495 in
429 3447 479 3496 isoc
499 3454 650 3509 argumento
661 3448 711 3510 ris,
748 3461 798 3510 que
809 3461 870 3511 pars
882 3447 961 3496 habet
970 3463 1106 3512 persuum
1128 3462 1174 3511 pur
1190 3455 1275 3498 autem

181 3522 265 3586 siquid
289 3523 346 3585 ipsa
365 3521 443 3571 verba
464 3523 579 3587 valeant,
607 3523 711 3573 minima
745 3523 852 3572 dimidio
878 3525 1001 3587 cujusque
1023 3525 1100 3586 pariis
1118 3523 1181 3571 nihii
1204 3525 1274 3573 aiiud

180 3600 248 3660 nec,
258 3613 273 3648 e
282 3599 426 3663 quibussua
435 3599 711 3663 principiacomponit,
748 3613 823 3662 quam
836 3605 937 3663 partem
946 3598 1077 3648 dimidiam
1089 3597 1176 3649 efficit.
1193 3599 1277 3662 Preig.

181 3675 320 3724 Lucretius
347 3675 423 3737 piane
448 3674 634 3726 mathematica
654 3687 711 3724 esse
779 3679 829 3724 tilii
846 3661 976 3740 Perfiniel]
993 3675 1278 3738 itaetcumvet.qui·

182 3753 278 3801 voluit:
308 3753 394 3804 ‘Quas
422 3751 498 3801 nuliis
514 3752 570 3815 jam
601 3751 712 3814 praedita
749 3751 857 3803 busdam
879 3752 964 3802 malui.
998 3750 1029 3799 ln
1049 3750 1124 3799 aliis:
1149 3751 1276 3816 pioefiuiel.

183 3829 302 3893 partibus
325 3826 433 3878 extent?
462 3841 499 3876 rs.
518 3830 576 3876 619.
606 3826 712 3876 Semina
749 3827 805 3879 Gli.
837 3827 953 3888 reputer
968 3828 1023 3877 ulla
1055 3827 1099 3874 Sic
1114 3826 1209 3875 hubent
1226 3825 1277 3874 duo

180 3905 247 3958 euim
260 3903 369 3968 Epicuri
385 3903 611 3967 magnitudinem
621 3901 713 3966 tigata,
747 3903 806 3954 iibri
822 3901 999 3964 manuscripti,
1009 3915 1073 3966 qnos
1085 3915 1196 3966 sequor:
1221 3901 1275 3963 aiii,

180 3981 291 4045 ideoque
310 3978 430 4044 partibus
446 3978 557 4042 praedita
575 3993 632 4029 esse
655 3979 712 4044 quis
747 3979 877 4043 praestolet.
895 3976 986 4027 Lamb.

182 4057 287 4106 dubitat
303 4056 353 4106 nisi
371 4055 415 4120 qui
434 4055 460 4104 in
475 4055 544 4105 iilius
555 4055 713 4118 pisiiosopitia
781 4059 830 4104 620
850 4053 928 4115 Escli]
944 4053 988 4102 ita
1002 4067 1036 4102 ea
1048 4053 1109 4102 Vet.
1119 4051 1192 4100 libris
1203 4050 1278 4098 resti-

182 4133 275 4194 hospes
287 4132 330 4192 sit,
343 4145 427 4196 neque
448 4131 588 4194 Epicurum
598 4131 649 4193 rapi
665 4147 713 4192 γω-
750 4131 796 4181 tui.
814 4129 881 4178 Vide
892 4128 1019 4178 iudicem.
1043 4127 1155 4180 Quidam
1166 4127 1227 4175 Vct.
1238 4139 1280 4174 co·

183 4206 234 4256 siaa
252 4204 353 4265 ’Asipov
363 4207 494 4271 scripsisse
510 4205 628 4255 noterit?
653 4207 712 4256 Hoc
749 4208 815 4256 des:
836 4207 980 4262 Quoseactt.
996 4203 1052 4254 titt.
1084 4203 1278 4254 Secutuserarn

181 4284 262 4348 igitur
279 4284 361 4334 soluit
377 4283 529 4336 Lucretius:
546 4283 650 4333 Semina
662 4284 713 4348 pri·
751 4283 825 4332 initio
836 4281 972 4332 lectionem
985 4281 1124 4342 vulgatam,
1134 4278 1189 4342 quid
1199 4279 1278 4331 tassii
