3050 4852
293 325 296 332 ’
336 321 369 371 r.
393 321 570 373 nuuuurrr
595 321 684 372 cunt
709 321 757 370 nn
781 319 912 370 nanum
938 320 1024 368 nar.
1048 321 1119 368 nin.
1143 320 1169 366 ι.
1219 301 1304 368 1037

214 473 269 512 mos
286 461 361 513 nodia
379 466 513 516 exsolvere
531 479 620 530 pergo,
644 463 686 530 (ιιι
703 465 742 514 ait
778 463 921 527 interrogo:
932 477 989 514 cum
1001 461 1157 512 absinthium
1169 475 1254 512 mauro
1266 475 1306 511 re·

214 537 375 603 Lucretium)
392 542 435 605 qni
456 542 559 606 quidcrn
570 543 619 592 boc
637 540 740 592 allicere
778 540 875 601 spicios
894 546 922 588 et
941 538 1087 588 circumlita
1103 537 1179 588 melta
1197 545 1242 586 tuo
1260 552 1307 601 po·

214 626 265 662 non
275 617 456 681 poterut‚quia
467 619 527 667 ullril
539 619 593 667 reri
605 617 740 668 efferabat.
778 617 836 666 cula
845 614 1030 680 deprehendo!
1062 613 1214 666 Quintiliani
1226 613 1271 662 lib.
1281 616 1307 664 b.

214 687 337 740 Nostrum
349 700 391 743 est
402 693 450 743 boc
467 693 589 756 cilicium,
605 696 648 759 qni
660 701 687 744 ct
698 709 741 744 re·
779 690 1070 742 instrerbasnntbnc:
1081 688 1144 738 ‘Sed
1155 695 1183 737 ut
1191 687 1240 737 boc
1248 687 1307 751 ipsc

213 779 269 814 rum
280 767 366 817 Deum
384 771 530 833 asserimus,
545 779 573 821 et
583 769 660 820 falsos
673 769 740 820 rsl'u·
777 769 938 818 alliceremus
946 767 1029 829 magis
1034 767 1198 830 juventutem
1207 764 1240 813 od
1249 778 1308 828 cog·

213 843 316 894 tamus!
332 845 415 896 lamb.
777 843 901 893 ultionem
912 855 1000 892 eornm
1013 856 1070 905 qum
1089 839 1235 890 necessaris
1252 846 1306 889 stu·

247 917 371 983 Animos]
385 921 471 986 Marg.
499 929 603 973 nostra:
629 925 741 975 cainan,
778 916 827 966 diis
839 916 1049 966 arbitrabamur:
1066 915 1087 963 si
1099 914 1172 964 ducti
1185 913 1307 977 jucundi·

214 993 289 1046 Quod
303 995 382 1046 etiam
393 1010 425 1046 ex
436 998 519 1048 tribus
528 1000 606 1048 editis
616 999 741 1049 librissen
778 1001 834 1043 tata
845 993 929 1058 ulique
946 992 1065 1042 Ιθοῑίθῦῑι
1083 991 1206 1040 Ιίὓθιιῑὶΰῑ
1224 990 1310 1040 ditet*

213 1069 369 1122 editionibus
390 1073 561 1138 suppeditant
580 1076 642 1124 Var.
666 1076 740 1124 Lacr.
778 1075 838 1118 rent
847 1084 893 1119 ea:
906 1082 1014 1132 quorum
1025 1081 1058 1116 ne
1067 1067 1158 1130 jejuna
1171 1071 1249 1130 atque
1259 1065 1308 1114 ari-

212 1143 404 1208 bondinenses3
432 1149 539 1214 vulgata
567 1150 644 1200 lectio
673 1149 740 1200 tunde
778 1144 812 1193 du
823 1143 929 1194 traditio
939 1141 1185 1203 auerteretsnimns,
1194 1149 1222 1190 ct
1231 1155 1307 1191 aures

212 1221 323 1271 manarit
333 1223 395 1272 nibil
406 1237 542 1274 moramur.
553 1223 658 1286 sufficit,
673 1224 741 1288 qtrod
777 1221 921 1284 praesertim
933 1226 985 1269 tum
996 1218 1129 1268 dedicatas
1140 1218 1255 1280 raderet,
1265 1231 1307 1266 ue·

212 1301 240 1344 et
251 1296 278 1345 iu
289 1297 376 1349 Princ.
389 1300 434 1349 lib.
444 1304 468 1350 d.
479 1307 640 1365 compareat.
656 1301 741 1363 Prcig.
777 1298 905 1350 rebamur.
937 1299 995 1350 Qua
1010 1298 1111 1348 ratione
1128 1311 1156 1346 se
1171 1295 1307 1346 Lucretius

246 1371 338 1434 Porgo]
355 1374 441 1424 ltaex
459 1383 512 1426 ret.
524 1376 676 1441 quibusdam
688 1392 741 1426 ma·
778 1374 844 1424 dicit
863 1383 995 1438 precepta
1014 1374 1178 1439 plrilosopbiae
1193 1373 1307 1423 carmine

212 1444 259 1495 ini.
291 1446 323 1496 In
340 1449 406 1510 aliis,
423 1457 452 1498 ut
471 1457 498 1499 st
516 1452 642 1515 vulgatius
659 1466 740 1514 pergo.
778 1451 955 1514 complexum.-
980 1450 1098 1514 Namque
1112 1451 1159 1499 ltuc
1171 1455 1200 1498 ut
1211 1455 1253 1497 est
1263 1463 1308 1500 no·

213 1521 346 1571 Fortasse:
363 1539 393 1572 en
402 1526 491 1576 solem
500 1541 582 1589 purgo.
617 1526 741 1590 Quidni,
779 1533 833 1576 turn
844 1526 1013 1577 similitudine
1022 1527 1120 1576 utitur:
1136 1525 1193 1575 ‘Ac
1204 1523 1283 1574 veluti
1292 1523 1310 1575 ι’

213 1612 326 1660 aspergo,
343 1599 402 1648 uide
419 1601 545 1650 iudicem.
563 1602 619 1663 Gis.
651 1603 740 1665 Pergo.
778 1602 945 1667 etreliqua:
973 1605 1010 1652 sic
1031 1617 1100 1652 nurnc
1122 1615 1308 1651 nosceremur

213 1671 303 1722 Codex
319 1673 420 1724 bertin.
439 1691 527 1739 porge:
545 1679 647 1729 etitem
658 1679 742 1728 Mam·
778 1689 812 1726 ne
823 1691 913 1740 parum
925 1677 965 1726 tric
974 1677 1040 1726 liber
1050 1676 1141 1740 mellis,
1150 1681 1178 1726 et
1186 1674 1309 1725 absinthii

212 1745 321 1810 nolanus,
331 1750 464 1814 mendose,
475 1753 575 1816 opinor.
592 1753 675 1802 [Δηώ.
699 1753 741 1804 ,ln
778 1755 885 1803 multum
897 1754 991 1803 habere
1003 1753 1134 1802 videatur:
1148 1753 1231 1817 sitque
1242 1753 1309 1801 salu·

213 1823 366 1887 quibusdam
377 1825 441 1875 Mas.
452 1841 525 1889 purgo
531 1843 542 1884 ,-
558 1842 609 1892 quo
626 1841 686 1877 usus
702 1835 743 1878 est
779 1828 850 1878 brior
860 1829 951 1878 studiis
959 1843 1035 1894 quarn
1044 1829 1163 1878 dulciore
1176 1829 1244 1878 Pius.
1261 1828 1310 1878 um

212 1905 240 1946 st
251 1898 357 1964 Ennius,
374 1907 402 1950 ιιι
413 1915 447 1950 ex
463 1901 549 1952 Servii
567 1905 698 1968 excerptis
716 1903 742 1952 in
778 1904 859 1952 astuti.
881 1905 987 1954 Testem
999 1905 1120 1967 producit
1130 1904 1310 1954 buncrersum

214 1974 429 2026 1.AEn.constat.
445 1977 505 2026 Fob.
781 1979 882 2029 Nonius
903 1981 930 2029 in
947 1995 1012 2031 voce
1029 1980 1220 2042 ‘absinthium'
1237 1983 1265 2030 et
1283 1979 1309 2028 ln

245 2053 294 2099 eta
314 2051 408 2114 Fungo]
431 2054 467 2102 Ut
485 2068 573 2118 supra,
584 2059 625 2105 2⁵.
642 2055 742 2106 ‘varab
779 2055 862 2104 vocn‘
873 2055 967 2106 taetro.¹
989 2055 1165 2108 Quintilianus
1176 2051 1310 2118 porrolib.

212 2125 261 2178 bus
271 2139 339 2190 esse,
354 2128 425 2179 Quos
437 2144 486 2193 ego
502 2129 535 2180 de
553 2145 638 2180 rernm
650 2141 743 2181 natura
780 2134 804 2180 8.
821 2131 848 2179 in
866 2132 977 2196 princip.
996 2131 1062 2180 bunc
1073 2132 1158 2182 locum
1169 2131 1310 2195 respiciens

213 2219 327 2272 pangere
339 2208 437 2258 conor.’
455 2209 540 2258 lamb.
780 2205 818 2253 ita
830 2205 936 2255 scribit:
955 2205 1004 2254 ‘ln
1022 2207 1119 2256 ceteris
1137 2207 1206 2255 anim
1218 2205 1310 2256 admis-

244 2285 294 2332 uus
317 2284 474 2347 contingens]
501 2284 627 2348 Tingens,
653 2298 704 2334 nou
726 2300 743 2334 a
780 2295 840 2332 cere
853 2283 1008 2332 tentavimus
1025 2281 1123 2346 aliquid
1141 2282 1242 2344 nitoris,
1260 2295 1311 2332 non

213 2358 292 2407 verbo
304 2357 376 2422 tingo
394 2373 440 2408 acu
457 2359 555 2422 unguo,
572 2359 618 2408 sed
630 2374 645 2408 a
658 2368 742 2423 lungo.
775 2357 895 2421 jactandi
905 2357 999 2422 ingenii
1009 2359 1157 2421 gratimdte.
1168 2356 1215 2406 sed
1224 2357 1311 2406 uthoc

213 2433 288 2484 Idem
299 2432 346 2484 inl'.
358 2437 415 2485 947.
430 2436 482 2484 ‘Et
495 2435 567 2500 qnasi
576 2435 676 2485 Musaeo
688 2435 743 2484 dul·
780 2433 836 2496 ipso
847 2433 928 2496 magis
938 2433 1097 2482 allicersmus
1104 2433 1270 2494 juventutem
1278 2431 1312 2481 ad

214 2509 401 2574 cicontingere
414 2511 510 2560 melle!
542 2511 636 2575 Itaque
657 2511 743 2575 paullo
781 2509 957 2570 cognitionem
973 2521 1070 2569 sorum,
1087 2521 1146 2570 quaa
1166 2509 1313 2558 necessaria

213 2593 276 2650 post
294 2587 381 2636 malim
400 2586 461 2649 lagi,
478 2585 532 2634 Tuli
555 2590 621 2636 tactu
638 2591 745 2636 recreatu
781 2584 874 2634 studiis
895 2583 1059 2646 arbitramur,
1078 2585 1125 2634 dac.
1141 2598 1192 2647 qna
1211 2585 1312 2648 ratione

213 2663 323 2712 nubant.
340 2675 426 2725 quarn,
442 2667 471 2709 ut
482 2660 605 2724 scriptum
620 2665 663 2710 eat
679 2661 704 2710 in
715 2661 744 2709 li·
781 2675 809 2711 se
821 2662 958 2710 Lucretius
969 2661 1036 2710 dicit
1052 2667 1184 2725 praecepta
1204 2661 1312 2726 pbilos'c·

212 2737 265 2790 bria
276 2736 402 2799 omnibns,
414 2736 540 2796 tulisucto.
558 2734 648 2784 Lamb.
783 2737 851 2801 plriae
859 2737 972 2788 carmine
980 2752 1037 2787 casa
1045 2738 1215 2801 complexum.
1235 2738 1315 2788 Nam·

247 2811 349 2876 lepore]
365 2812 426 2861 Duo
444 2811 489 2861 lib.
504 2823 631 2861 manuscr·
647 2810 746 2861 babent
784 2827 834 2877 qne
845 2813 894 2862 hac
910 2815 951 2876 (ιιι
967 2819 1008 2862 cst
1024 2813 1128 2875 notum)
1145 2813 1312 2866 similitudine

213 2889 310 2953 liquore.
328 2887 420 2939 bamb.
783 2890 880 2938 utitur:
899 2887 938 2938 Ac
949 2889 1029 2938 veluti
1041 2889 1203 2952 pueris,'&c.
1220 2889 1313 2941 Utitur

245 2968 295 3014 aaa
314 2965 370 3014 Noa
384 2961 602 3024 obuulloruticnc]
618 2963 677 3013 Hoc
688 2965 745 3014 loco
783 2964 873 3013 eudem
886 2963 1052 3012 similitudine
1072 2969 1101 3012 et
1117 2963 1275 3012 'l'bcmiatius
1287 2965 1313 3014 lu

214 3037 279 3088 ‘ab’
296 3052 348 3086 non
360 3038 437 3100 tollit,
454 3045 499 3086 aut
518 3037 620 3099 privata
639 3039 685 3087 aed
701 3040 745 3089 ad·
783 3039 900 3089 oratione
916 3039 1026 3103 quadum
1038 3038 1071 3088 sd
1090 3040 1313 3104 Nicodemcnseis,

209 3113 309 3178 jungit,
328 3120 405 3177 utque
426 3111 543 3174 adjurm,
563 3119 593 3160 ut
613 3114 621 3140 ‘
639 3113 711 3164 locus
730 3129 746 3164 a
783 3113 904 3175 »lippulos
919 3114 973 3176 ἡμῖν
984 3113 1040 3164 nobs
1053 3113 1197 3179 copmlpovs
1213 3118 1260 3165 ruia
1279 3115 1314 3166 ln·

215 3189 345 3239 frumento
356 3187 493 3254 copiosus,'
509 3194 537 3237 et
552 3189 586 3236 ‘a
598 3203 660 3239 vero
669 3206 745 3241 sensu
782 3195 849 3256 τρῶν,
859 3189 1099 3255 οιτὲπικρόιερατῶν
1106 3189 1317 3255 φαρμόκυνμέλιιι

213 3265 325 3329 judicas.
352 3268 360 3292 ¹
377 3280 427 3315 non
440 3264 472 3314 ab
484 3263 555 3312 nulla
566 3265 681 3314 ratione'
698 3267 745 3330 igi·
784 3270 829 3330 τὴν
846 3269 931 3320 κύλικα
941 3269 1125 3334 περιχρίσαντες,
1135 3270 1206 3320 πίνειν
1220 3270 1315 3321 διδόασι.

216 3352 268 3404 tur,
286 3344 303 3393 i.
312 3357 337 3392 a.
350 3343 383 3394 ab
396 3343 483 3407 aliqua
494 3342 606 3403 rationu,
621 3345 691 3408 quod
702 3341 746 3394 r's·
784 3349 866 3400 (tarem
876 3349 961 3397 locum
968 3348 1100 3398 lbemiatii
1110 3349 1315 3412 protulitblors·

214 3421 253 3471 let
274 3420 387 3483 ἁλιῆας,
406 3423 507 3484 meritc,
525 3437 584 3473 cnm
604 3423 689 3489 aliqua
706 3437 745 3473 ru·
784 3426 894 3474 tusVar.
904 3426 965 3474 lect.
977 3424 1023 3474 lib.
1033 3429 1058 3475 d.
1068 3429 1093 3474 b.
1105 3423 1314 3488 ‘imitandi'(in-

217 3497 299 3560 done,
316 3512 367 3548 non
380 3506 486 3548 temere.
503 3499 587 3551 lamb.
625 3519 629 3526 ·
784 3500 841 3563 quit
850 3498 988 3564 Themiat.)
1003 3499 1093 3549 ‘nobis
1105 3507 1165 3549 aunt
1176 3499 1315 3563 sapientio-

248 3577 298 3624 cac
314 3573 363 3625 Sed
374 3576 608 3641 newtipusrr‘mtrc]
623 3575 746 3625 Consimi-
785 3575 1314 3640 resmedici:quirnedicameuteamuriora

215 3649 277 3702 liter
289 3651 463 3714 Hieronymus
475 3651 501 3700 in
513 3651 633 3702 Rufinum
649 3652 746 3702 ‘lccir·
785 3652 860 3716 regnis
873 3651 937 3701 dant
948 3651 1085 3715 ebibenda,
1096 3651 1147 3701 orla
1159 3651 1243 3715 poculi
1255 3653 1318 3700 mel·

216 3725 264 3790 eo,’
282 3721 376 3791 inquit,
392 3728 399 3754 ⁸
413 3736 439 3777 tc
457 3727 550 3776 veneni
569 3729 678 3778 calicem
698 3727 745 3776 cir·
785 3727 989 3777 lecircumlitis.'
1023 3728 1140 3778 ‘’l'aetra'
1156 3727 1207 3778 i.e.
1219 3741 1317 3790 amara,

216 3801 359 3852 cumlinere
376 3803 453 3852 melle
463 3803 574 3853 voluisse
590 3809 619 3852 ut
628 3804 748 3853 simulata
786 3803 1317 3868 uthu.blancellnsinterpretatur.‘llle·

217 3877 328 3928 dulcedo
356 3881 424 3928 virus
457 3881 594 3944 pessimum
628 3879 748 3944 tegeren’
785 3879 891 3929 dentas'
904 3880 921 3930 i.
934 3895 958 3930 e.
968 3881 1070 3931 medici.
1081 3879 1164 3932 lamb.
1188 3881 1244 3930 lica
1258 3894 1315 3929 rer-

217 3953 289 4004 Huic
314 3955 476 4005 Lucretiann
502 3957 640 4007 sententie
662 3957 700 4008 sic
722 3955 748 4006 ln
786 3971 828 4006 sus
851 3957 888 4006 ita
909 3958 1036 4006 convertit
1058 3955 1216 4006 admirabilis
1239 3954 1317 4018 pcc'ta

217 4030 335 4092 epistolia
355 4032 523 4095 Symmachus
546 4034 641 4084 allusit.
678 4033 749 4083 ‘Ubi
785 4033 1033 4096 Torquatus'l'atius‚
1043 4034 1097 4080 Cori
1107 4037 1122 4082 ιι
1134 4031 1151 4080 ι’
1161 4031 1318 4092 sprosaacs'al

218 4115 279 4154 vero
288 4106 428 4157 cltsrtnlarn
440 4121 519 4170 pono:
534 4115 562 4158 et
570 4109 749 4174 memetipsum
784 4109 907 4172 porgiuno
916 4108 1007 4172 uspcrai
1018 4107 1054 4158 ut
1063 4108 1129 4157 muni
1139 4107 1215 4171 liquor
1223 4105 1259 4170 gli
1269 4107 1317 4156 orti
