3128 4858
247 385 312 448 844
613 397 647 443 r.
674 393 852 444 nucnurrr
877 395 965 442 caui

249 542 304 606 Ex
320 540 397 606 aliis
413 540 499 604 ulios
510 537 601 604 avidi
616 538 769 620 contagia
783 538 913 615 morbi3

248 643 428 726 Lanigeras
444 649 612 724 tamquam
625 638 785 724 pecudes,
800 645 836 702 et
849 639 974 703 bucera
989 640 1103 704 secla:
1256 635 1342 702 1235
1392 667 1396 672 ·

248 744 357 829 quue
372 744 426 809 rel
441 744 477 807 in
491 742 605 826 primis
619 740 813 807 cumulabat
825 738 941 805 sunere
955 739 1065 805 ianus.

249 843 351 922 Nam,
364 845 612 929 queiquomque
627 861 708 908 snos
722 841 910 923 tirgitabant
924 842 1033 907 risere
1045 842 1090 907 ad
1106 859 1226 923 egros,

247 945 344 1011 Vitai
358 946 496 1010 nimium
510 943 652 1029 cupidos
666 942 849 1026 mortisque
864 943 1029 1008 timentem

248 1047 410 1113 Poenibat
422 1047 538 1132 paullo
553 1053 634 1130 post
645 1044 733 1129 turpi
748 1052 853 1110 morte
866 1045 1033 1129 malaque,

248 1149 423 1225 Desertus,
438 1148 516 1232 opis
529 1146 713 1231 expertein,
729 1145 867 1212 Incuria
880 1155 1043 1212 mactans.
1258 1144 1343 1209 1240

248 1249 337 1328 Quei
351 1249 483 1315 fuerant
497 1254 606 1314 autem
620 1255 756 1334 praesto,
771 1249 968 1332 contagibus
982 1250 1086 1330 ibant,

247 1349 360 1436 Atque
374 1351 503 1429 labore,
518 1351 628 1434 pudor
642 1369 745 1437 quem
759 1358 828 1416 tum
843 1353 986 1434 cogebat
1000 1353 1105 1429 obire,

247 1516 323 1577 olion
332 1517 405 1566 minti
411 1532 503 1581 pecora
521 1532 573 1580 qaeu
582 1517 667 1578 serm
678 1519 755 1579 lorica
765 1523 788 1567 et
797 1532 884 1580 genera
892 1518 1016 1582 pradum,
1024 1533 1074 1581 qaae
1083 1517 1168 1576 serant
1178 1518 1274 1566 com
1307 1516 1343 1564 Et

247 1581 289 1629 boc
304 1583 437 1644 presertim
451 1581 551 1631 addebat
561 1587 659 1631 modern
669 1582 740 1631 morti
746 1597 756 1640 ,·
771 1584 867 1644 elain,
882 1583 1019 1646 quicumque
1030 1581 1157 1644 fugiebant
1171 1582 1272 1631 ianime
1288 1593 1342 1629 scor

247 1645 344 1694 amicos
364 1651 474 1708 egrotos,
495 1645 568 1710 quast
578 1646 649 1694 dmin
665 1646 731 1696 ccidi
748 1646 814 1709 nde,
833 1652 857 1697 et
873 1652 1001 1696 metantes
1015 1651 1123 1709 mortem,
1143 1661 1188 1694 aaa
1203 1647 1274 1694 mutto
1290 1649 1343 1708 poet

246 1709 393 1771 negligentia
406 1709 516 1759 vicissim
533 1709 648 1772 plectebat
665 1711 804 1759 enemim
819 1716 843 1760 et
861 1709 922 1763 fredo
939 1712 984 1760 leto
996 1711 1118 1760 dmlictor
1136 1707 1342 1774 etieopceornnis

248 1773 337 1821 anxilii
359 1773 503 1840 interjiciens
526 1787 578 1822 eoa.
624 1775 674 1829 Qui
691 1789 745 1824 cero
764 1780 878 1824 mmet
901 1775 1001 1838 milio,
1024 1774 1153 1824 interibant
1173 1773 1299 1836 mtegiia
1317 1777 1342 1820 et

247 1835 333 1899 labora,
348 1851 415 1900 quen
423 1839 500 1901 pudor
509 1844 532 1887 et
542 1839 630 1887 clamor
638 1838 736 1888 blanden
745 1843 769 1888 et
781 1853 839 1889 curn
847 1839 940 1901 gemitu
949 1841 1060 1890 immixto
1070 1844 1163 1902 puden
1179 1839 1277 1900 cogebat
1286 1842 1342 1886 tenc

708 1950 889 1972 emm

246 2045 286 2081 ra.
297 2031 324 2080 in
335 2029 395 2081 edd.
407 2030 477 2095 rulg.
489 2029 549 2093 poni
561 2031 627 2082 solet
640 2037 699 2095 post
711 2045 748 2081 rr.
762 2033 832 2080 1240.
843 2031 889 2081 sed
898 2033 925 2081 lu
938 2033 968 2084 Ρ.
978 2033 1011 2083 V.
1022 2031 1065 2083 od.
1075 2033 1151 2088 Vota.
1164 2038 1215 2082 ret.
1228 2039 1256 2082 et
1267 2029 1296 2082 1..
1309 2031 1345 2083 B.

248 2094 284 2145 0.
296 2095 371 2146 Cant.
382 2097 500 2162 seqnitur
511 2109 548 2144 re.
558 2098 729 2146 itta-labb
743 2095 822 2158 Atque
833 2096 866 2145 P.
876 2097 907 2148 V.
918 2097 959 2147 cd.
976 2099 1046 2147 Mna.
1058 2097 1091 2148 Β.
1102 2100 1127 2146 8.
1144 2096 1245 2161 Grypb.
1261 2109 1344 2160 marg.

247 2160 321 2224 quue
331 2159 369 2210 ati
378 2161 447 2210 Mna
456 2159 487 2210 B.
497 2163 522 2208 t.
531 2173 584 2208 caan
596 2159 660 2208 icbnt
668 2160 701 2209 V.
712 2157 755 2207 ed.
763 2159 810 2207 Tb.
820 2160 867 2210 lia.
878 2162 1025 2211 melobm
1040 2161 1216 2210 tiara-teat
1227 2161 1303 2210 niune
1312 2162 1344 2209 ad

245 2223 282 2273 0.
290 2223 369 2274 Vind.
379 2223 411 2274 l'r.
423 2225 499 2274 Cant.
511 2223 601 2273 bamb.
611 2223 679 2272 Har.
689 2222 756 2286 etflt
766 2224 797 2271 od
808 2223 840 2274 P.
851 2224 912 2274 atu.
924 2226 1010 2286 atsere
1019 2227 1051 2275 od
1059 2225 1137 2275 Viud.
1149 2225 1221 2274 l'err.
1237 2229 1265 2273 ut
1274 2223 1344 2283 sacto

245 2289 278 2337 od
289 2287 323 2338 V.
335 2286 377 2337 ed.
388 2288 435 2338 'lla
448 2287 494 2336 lia.
506 2292 569 2336 etse
578 2289 659 2337 redcat
668 2287 744 2336 Vosa.
754 2293 807 2336 ret.
819 2294 847 2337 et
859 2289 889 2339 1..
900 2291 931 2339 B.
944 2289 999 2349 fere
1007 2296 1035 2339 nt
1045 2291 1115 2339 Mus.
1124 2290 1156 2339 B.
1168 2292 1192 2338 1.
1203 2294 1241 2349 et,
1251 2289 1344 2338 relicto

246 2352 368 2416 epatlolo,
379 2351 449 2401 Man.
460 2351 492 2400 B.
505 2355 529 2400 t.
541 2351 606 2416 cipit
617 2351 647 2400 ob
657 2351 730 2412 egri·
741 2350 842 2415 Grypb.
853 2353 932 2403 Nard.
944 2355 1006 2404 Bar.
1013 2353 1088 2404 Voss.
1100 2368 1180 2417 marg.
1190 2351 1262 2414 wer
1272 2352 1305 2401 Ρ.
1316 2353 1343 2401 ln

245 2418 398 2466 uon-1288
413 2415 470 2465 Vita
478 2416 512 2464 V.
522 2415 564 2464 ed.
576 2415 655 2478 cupidi
665 2415 725 2464 edd.
738 2415 807 2478 vulg.
815 2418 906 2481 tepidis
917 2418 1099 2468 Naro-leto
1110 2416 1221 2468 Parnibct
1228 2416 1342 2467 Turneb.

246 2479 334 2529 Penne
350 2483 375 2529 et
393 2479 423 2529 Ρ.
442 2479 467 2529 G
502 2478 543 2542 pb.
563 2493 645 2542 marg.
663 2477 723 2528 Ald.
738 2479 851 2530 Poenibue
867 2483 908 2530 rel
926 2482 1031 2533 Pedibus
1047 2487 1070 2532 et
1081 2482 1159 2532 Vind.
1169 2482 1202 2530 V.
1213 2481 1254 2531 ed.
1266 2479 1343 2530 Bodl.

245 2543 321 2593 Voce.
332 2543 361 2593 l.
373 2543 406 2592 B.
416 2543 451 2593 0.
495 2558 532 2592 ua.
545 2544 576 2592 B.
589 2546 613 2594 3.
629 2544 706 2593 cent.
724 2543 836 2594 Poenibae
852 2550 878 2595 nt
889 2547 964 2597 Vota.
979 2554 1033 2598 ret.
1052 2547 1158 2597 Peniber
1174 2561 1203 2596 oc
1212 2544 1291 2595 Vind.
1309 2543 1342 2595 ir.

247 2608 311 2658 Perti
321 2613 345 2658 et
356 2608 426 2658 Mas.
437 2607 470 2656 B.
485 2612 508 2657 1.
523 2607 603 2657 Petris
612 2607 644 2658 P.
656 2608 683 2656 in
696 2613 748 2657 not.
764 2608 839 2660 Pena
856 2610 909 2660 ι’ὺυ
924 2617 950 2661 ot
961 2611 1036 2661 Vota.
1056 2614 1234 2674 marg-lito
1249 2609 1276 2659 ia
1286 2625 1344 2658 cero

245 2672 325 2722 Viod.
334 2672 411 2722 Voss.
422 2679 475 2722 vet.
490 2680 517 2722 et
529 2672 560 2722 L.
573 2672 605 2722 B.
615 2672 692 2723 Vind.
701 2671 734 2722 l'r.
746 2672 816 2722 Mur.
828 2675 860 2724 ll.
874 2681 898 2725 1.
914 2679 939 2726 t.
957 2675 1034 2725 cant.
1049 2681 1152 2726 nattam
1163 2675 1239 2726 cant.
1255 2679 1344 2724 mart

246 2737 348 2800 Grypo.
360 2736 441 2786 Nard.
451 2738 609 2786 Bau-1241
629 2735 664 2787 li.
676 2751 715 2785 vs.
726 2746 755 2787 et
764 2751 835 2802 seqq.
851 2739 903 2789 duo
920 2741 1013 2788 desunt
1022 2740 1198 2790 vind-lm
1213 2739 1344 2802 pudoreque

245 2803 309 2850 onai
319 2800 352 2851 Ρ.
364 2801 424 2851 Ald.
436 2801 537 2865 Grpplr.
548 2815 628 2868 marg.
637 2803 790 2865 pertorquent
801 2805 866 2852 onai
878 2805 949 2854 Ferr.
959 2805 989 2853 V.
1006 2803 1048 2854 ed.
1058 2803 1106 2855 Tb.
1117 2805 1164 2855 lin.
1182 2805 1258 2870 pater
1275 2817 1344 2866 quen

741 2911 850 2963 NOTAE

280 3012 342 3059 litt
360 3009 455 3060 Barna
464 3007 537 3072 oeclo]
553 3009 655 3060 Boves:
668 3021 694 3058 v.
706 3011 763 3059 eor.
847 3013 911 3060 1289
919 3007 1040 3072 Poeribnt]
1052 3009 1103 3058 l’ro
1110 3008 1209 3072 penitet
1215 3023 1225 3067 ,·
1235 3008 1274 3059 alc
1282 3007 1344 3058 alibi

279 3088 344 3135 12³6
356 3085 430 3149 ldqne
440 3086 477 3135 cel
486 3085 513 3132 ia
521 3083 675 3147 primate]
688 3081 737 3132 llis
749 3087 774 3132 8.
813 3085 955 3134 ‘mrenera’
972 3099 1020 3148 pro
1031 3099 1142 3136 munera.
1176 3085 1342 3134 Punibatan-

246 3173 295 3210 res.
306 3159 383 3210 docet
395 3161 503 3224 pariter,
522 3159 591 3224 qnod
607 3158 708 3210 etiarnsi
720 3160 774 3225 qni·
815 3171 867 3214 teni
881 3176 927 3224 pro
939 3161 1072 3224 puniebat.

246 3235 304 3284 darn
321 3234 354 3284 ad
371 3249 431 3284 euos
446 3234 574 3285 curandos
591 3248 642 3285 non
654 3235 774 3284 accessis·
848 3239 910 3287 lt’tl
926 3235 1088 3295 Qneisrrerarrt
1098 3233 1250 3298 cutmen]
1262 3234 1344 3286 niae.

245 3318 312 3370 scut,
329 3318 474 3360 autcnrare
485 3311 670 3375 neglexissent,
688 3320 774 3361 tamen
816 3329 866 3364 rss.
875 3311 1047 3377 docet,qnod‚
1055 3311 1098 3376 qni
1107 3310 1140 3360 ad
1149 3311 1276 3360 curandos
1287 3325 1345 3375 pce·

245 3386 397 3450 contagibus
413 3385 496 3435 morbi
513 3385 627 3449 correpti
644 3400 774 3435 moreren·
816 3396 843 3439 te
862 3395 997 3451 correptos
1015 3386 1186 3449 accedebant,
1206 3387 1225 3436 il
1247 3386 1343 3450 duplici

242 3470 297 3525 tnr,
312 3463 381 3514 sicut
392 3477 455 3512 oven
473 3468 518 3512 aut
529 3460 608 3511 bores
619 3461 774 3525 contagione
814 3465 882 3513 malo
892 3461 1100 3522 conficerentur;
1118 3462 1158 3511 vel
1173 3461 1243 3511 enirn
1254 3469 1342 3512 conta·

243 3537 392 3590 intereunt:
410 3545 438 3590 ct
454 3537 513 3604 qnia
527 3553 585 3588 auos
597 3538 775 3602 neglexerant,
815 3541 890 3605 gione
902 3539 1088 3589 communicata
1097 3538 1129 3588 ab
1140 3537 1343 3601 oegrotieparem

245 3615 417 3680 lpsiricirrlrn
429 3615 633 3679 negligerentur.
653 3613 773 3664 Sic'lbn-
813 3616 934 3666 subibant
954 3623 1068 3665 sortem:
1090 3615 1131 3664 rel
1151 3614 1250 3676 labore,
1268 3628 1343 3680 quein

245 3691 367 3755 cydlder:
384 3693 462 3741 ‘Slre
482 3691 625 3740 uoluissent
644 3697 713 3739 metu
731 3690 774 3740 de
812 3694 946 3756 subibant,
963 3693 1051 3743 lassati
1068 3691 1172 3742 tandein
1189 3691 1216 3740 ln
1228 3690 1344 3741 morbum

245 3768 330 3818 territi
341 3782 369 3818 re
381 3772 470 3817 nintno
480 3766 603 3831 inrisere,
618 3764 714 3816 deserti
729 3781 773 3831 pe·
813 3770 972 3820 incidebant.
1006 3768 1177 3818 Accedebant
1190 3778 1276 3817 antem
1288 3767 1345 3816 eliis

245 3843 340 3904 cibant,
357 3851 384 3893 et
403 3851 524 3908 tanquam
546 3843 661 3907 pecudea
681 3844 773 3893 morie-
814 3841 1343 3910 praetituriopemdnplicistimnloadac·

244 3919 357 3972 bantnr.’
815 3923 845 3986 ti,
857 3923 955 3986 pietate
965 3929 992 3970 et
1005 3920 1112 3984 pudore.

279 4001 341 4048 lant
356 3997 476 4048 Virerend
486 3996 574 4060 φοι]
586 3995 630 4046 Sic
639 3993 685 4046 lib.
696 4009 727 4045 rr.
738 4010 774 4051 ra.
847 3995 929 4059 lbcrrt]
937 3995 1095 4060 interibant,
1101 3993 1286 4046 moriebantur.
1298 3991 1343 4043 Sic

245 4077 302 4124 nso.
319 4076 326 4101 ¹
340 4071 439 4124 Reriait
448 4071 480 4122 ad
490 4071 640 4134 stabulum?
652 4080 679 4122 et
691 4072 736 4124 lib.
746 4087 772 4122 v.
814 4091 858 4127 nr.
869 4079 926 4125 bil.
937 4077 945 4104 ‘
955 4075 1083 4124 cernimus
1095 4072 1216 4137 ire,'lr.e.
1227 4071 1343 4122 videmus

247 4149 773 4214 raons.‘auhancquiaeignarerimnr:
813 4153 928 4202 interire.

245 4225 288 4275 Sic
299 4225 406 4275 Plautus
418 4223 512 4288 passim
525 4223 648 4290 loqnitnr.
847 4231 910 4280 1242
923 4227 1006 4277 Pudor
1021 4241 1099 4290 quem,
1114 4225 1168 4289 lfa]
1186 4223 1229 4276 Sic
1242 4223 1343 4286 Thucy.
