3054 4846
244 359 310 426 886
585 377 697 427 nore
721 375 920 427 venronun
947 377 986 426 nt

245 535 301 570 runt
318 523 411 570 ueinre
426 518 554 569 bominum
566 519 664 584 pletste
675 520 772 570 colere·
808 517 878 572 Quid
889 519 959 585 qnod
970 517 1055 570 Greci
1068 525 1175 570 utuntur
1192 517 1271 570 verbo
1287 531 1337 569 en·

245 604 296 660 tur,
307 611 364 646 cunt
376 601 404 644 et
414 601 513 645 selerne
523 601 602 658 esset,
614 602 641 645 et
656 595 771 645 bestieei·
807 597 890 660 pinder
900 597 927 645 in
937 595 1027 646 eedem
1039 597 1143 646 notione
1153 597 1162 644 i
1184 611 1268 645 rernm
1280 611 1338 646 esse

245 685 295 721 mu.
315 669 394 719 babet
405 670 771 734 enimseneretionernjustem
808 669 906 732 seteor3
924 685 1007 735 neque
1024 678 1110 721 temen
1122 671 1225 720 dubium
1237 680 1287 722 eet.
1300 673 1339 722 sic¹

246 746 366 812 qnicquid
375 745 555 808 excellit'dae.
564 747 632 796 ibid.
647 746 713 795 ‘llis
722 753 772 796 ter·
809 747 878 796 enine
891 746 1031 796 Menander
1042 746 1108 795 dixit
1119 747 1143 794 in
1156 745 1212 795 utili
1225 747 1269 796 ille
1281 761 1337 796 sen·

245 823 347 871 roribus
358 821 390 870 sb
402 822 514 885 Epicuro
523 821 609 883 soluti,
621 827 649 870 et
658 821 685 870 in
694 820 772 870 liber·
810 821 900 884 tentis,
919 831 948 870 et
967 823 1063 870 nemini
1084 835 1195 886 rtnqnsrn
1215 823 1277 872 setis
1293 837 1337 874 eu-

247 903 329 947 tetenr
347 897 479 958 vindicati,
500 911 548 946 nec
566 897 704 946 metuimus
719 911 773 959 eos,
810 898 873 949 dite.
890 897 923 959 μὴ
933 899 992 946 πᾶσι
1004 901 1073 962 πειρῶ
1083 897 1202 948 πιστεύειν
1211 899 1255 948 dei.
1286 900 1339 948 Ubi

247 985 312 1035 quos
323 971 488 1036 intelligimus
499 986 548 1021 nec
559 971 608 1020 sibi
619 970 719 1034 fingere
735 971 773 1019 ul·
808 973 872 1022 illud
893 973 926 1034 μὴ
942 977 1011 1038 rupti
1033 973 1162 1038 significet
1184 975 1283 1036 ‘noli3'
1306 975 1338 1024 ed
1398 1009 1400 1013 -

247 1047 298 1095 lenr
315 1048 468 1110 molestiam,
484 1061 534 1096 nec
551 1047 627 1096 sltcri
638 1060 772 1112 quereret
810 1051 917 1100 verbum
936 1057 1023 1100 eutenr
1042 1049 1179 1114 significet,
1202 1051 1251 1100 ‘ne
1262 1064 1338 1100 eone-

248 1129 276 1170 et
298 1123 341 1186 pie
369 1128 508 1186 sancteque
529 1123 634 1172 colimus
657 1128 774 1172 neturern
812 1123 864 1175 rie!
895 1125 983 1175 Livius
1002 1125 1102 1174 iteruin
1116 1130 1139 1176 l.
1157 1126 1340 1188 sicusurperit

247 1198 419 1247 excellentem
436 1203 512 1262 etque
522 1197 707 1262 prestantem!
718 1199 775 1260 Ego
811 1201 877 1250 benc
888 1215 978 1251 rocem
990 1208 1019 1249 ut
1030 1202 1147 1262 Pleutne,
1157 1201 1305 1264 Terentino,
1313 1210 1341 1251 et

248 1281 278 1324 nt
289 1276 320 1324 P.
330 1276 446 1326 victorio
453 1277 588 1339 assentior,
595 1277 688 1326 itsboo
697 1277 775 1326 etiem
812 1277 965 1327 Lucretius:
984 1277 1088 1325 ‘Aucta
1098 1279 1203 1326 ciritete
1215 1277 1340 1340 magnitu-

249 1350 301 1400 diei
318 1365 392 1414 posse
408 1357 481 1416 puto,
498 1353 646 1402 Lucretium
656 1349 681 1400 in
693 1365 776 1414 prooe-
812 1352 872 1402 dine
883 1350 963 1415 urbis,
974 1350 1090 1401 formetis
1101 1352 1296 1402 omnibus'domi
1306 1352 1340 1402 etl

248 1427 302 1475 mic
311 1427 350 1477 eni
360 1417 485 1490 poematis
494 1441 544 1476 non
553 1433 582 1476 ut
589 1427 776 1490 philosophum,
813 1426 874 1476 belli
885 1433 912 1476 et
922 1427 955 1476 ed
965 1427 1037 1490 pecie
1048 1441 1118 1491 usus,
1130 1441 1271 1491 nesempcr
1278 1441 1341 1491 opes

249 1503 295 1552 sed
306 1510 335 1553 ot
346 1519 443 1553 meroni
455 1503 568 1566 podtens,
580 1496 741 1565 elleoopent
749 1510 777 1551 et
813 1503 890 1552 ermis
906 1505 1109 1568 acquirerentur,
1130 1505 1236 1554 coneilio
1247 1518 1342 1567 sugere

250 1592 341 1642 pscenr
352 1585 454 1642 petere:
474 1587 501 1627 et
512 1584 597 1627 temen
608 1578 633 1625 in
645 1591 686 1639 eo,
708 1577 777 1641 quod
814 1580 947 1642 imperium
957 1588 1064 1631 conatos
1075 1580 1132 1630 est!
1143 1581 1160 1630 i.
1174 1596 1197 1630 c.
1219 1580 1269 1630 eibi
1283 1595 1341 1644 pro·

250 1669 267 1702 s
278 1655 378 1703 Venere
390 1653 550 1716 potissimum
562 1651 683 1701 suxiiiurn
692 1661 776 1716 petet,
814 1657 910 1719 posuit.
928 1656 1014 1721 ilique
1026 1656 1091 1705 ndeo
1110 1657 1193 1705 locunt
1204 1655 1341 1720 quemdem

251 1740 301 1776 non
312 1728 389 1790 longe
401 1727 435 1777 ab
445 1728 684 1790 Epicurisententie
695 1728 777 1778 dirce·
815 1731 947 1781 Ciceronis
964 1746 998 1780 ex
1017 1733 1098 1798 Epist.
1114 1736 1140 1780 4.
1158 1732 1201 1782 lib.
1213 1737 1239 1780 ⁵.
1256 1745 1342 1782 ernen-

251 1802 324 1864 dere,
341 1803 384 1865 qni
400 1817 524 1851 sirmmnm
542 1802 636 1852 bonurn
651 1804 677 1852 in
689 1806 777 1868 volup·
814 1808 927 1857 dendurn
943 1815 1016 1872 puin.
1054 1811 1093 1858 En
1106 1809 1153 1858 tibi
1166 1809 1235 1857 illiue
1246 1808 1340 1859 verbe:

251 1881 316 1938 tete,
333 1882 409 1940 etque
432 1877 457 1925 in
480 1891 530 1926 non
548 1877 661 1928 dolendo
682 1881 777 1930 consti·
816 1881 911 1932 ‘Nunc
931 1883 993 1932 milri
1014 1884 1126 1936 Quintus
1154 1883 1236 1934 freter
1261 1897 1343 1947 meus,

251 1957 322 2012 tuet3
332 1953 480 2002 utornittent
489 1953 557 2018 qnod
565 1955 640 2003 bomo
650 1955 778 2006 Romanus
815 1957 974 2006 ninnium
986 1965 1055 2009 tuem
1067 1959 1217 2021 orationem,
1230 1973 1305 2024 quem
1316 1959 1343 2008 in

252 2041 336 2093 neque
356 2029 478 2079 indecore
495 2045 578 2094 neque
596 2031 682 2095 inepte
694 2034 778 2084 Vene·
816 2033 1058 2095 senstuhubuisses‚
1070 2033 1344 2098 perscripsit3quein·

252 2117 307 2153 retu
316 2105 487 2154 Romanorum
497 2113 607 2154 uentrem
623 2107 778 2171 implorevit.
816 2109 920 2172 ductus,
931 2109 964 2157 ed
975 2117 1002 2159 te
1013 2110 1128 2159 scribere
1150 2125 1206 2158 enm
1224 2107 1346 2159 conclus!

252 2182 335 2233 herl.
369 2184 429 2233 Non
440 2191 493 2232 tem
504 2183 555 2232 sibi
571 2197 647 2246 quum
663 2184 780 2234 versibus
816 2184 858 2234 1bi
872 2199 956 2246 nenio,
967 2186 1011 2249 qni
1022 2188 1113 2234 seltern
1130 2185 1276 2235 admonitus
1287 2184 1343 2234 suc·

253 2257 305 2304 enis
322 2257 416 2305 nocienr
434 2258 562 2306 Venerem
584 2264 665 2322 optet.
687 2271 780 2323 nempe
818 2261 863 2324 rit,
872 2259 1002 2310 dubitabit
1012 2261 1072 2326 quin
1084 2261 1220 2325 legendum
1232 2261 1266 2311 sit
1276 2275 1344 2310 oeso-

253 2331 337 2394 inquit
347 2348 354 2391 3
366 2337 396 2380 ut
407 2329 416 2357 ‘
425 2329 535 2380 obscure
546 2332 579 2380 de
590 2346 618 2380 re
630 2340 682 2382 tens
695 2335 781 2384 lucide
817 2341 864 2400 iss,
875 2349 925 2385 non
936 2341 1047 2395 concluse
1062 2349 1138 2400 quent
1149 2351 1238 2386 rocern
1249 2344 1276 2385 et
1287 2351 1344 2386 sen·

253 2420 364 2469 pungent
373 2406 502 2468 Carmine,
522 2409 621 2456 Museo
631 2409 781 2473 contingens
817 2413 908 2476 tentis,
920 2418 947 2461 et
965 2412 1196 2476 eleususque·
1211 2418 1345 2477 respuunt.

254 2489 348 2532 cuncte
358 2482 463 2545 lepore!
482 2483 564 2544 Pres‘g.
819 2488 879 2538 Fal,

245 2577 246 2582 ¹
284 2563 318 2608 16
336 2558 456 2622 Pongere]
470 2559 783 2624 l'rensletnm.nempro·
850 2569 882 2614 27
900 2563 1061 2626 Memmiadae]
1076 2564 1199 2614 Memmio
1214 2563 1345 2614 Gemellos

253 2636 311 2699 prie
331 2634 453 2698 egricolae
473 2637 574 2698 pientes
590 2649 712 2698 pungere,
729 2637 746 2686 i.
759 2651 782 2687 c.
818 2640 1065 2706 quiprretorinitin
1075 2641 1206 2703 Bithynis,
1217 2647 1246 2689 ct
1256 2645 1347 2703 postes

253 2711 371 2775 infigere,
384 2711 513 2761 dicuntur·
530 2711 569 2760 M·
585 2712 685 2761 Tullius
696 2712 729 2762 sd
739 2714 781 2762 Ti·
819 2718 946 2767 exsulerit
955 2715 1074 2778 Athenis,
1089 2723 1119 2765 ut
1129 2717 1278 2780 perspicere
1285 2716 1348 2765 iicet

254 2802 310 2837 ron.
322 2788 381 2837 ‘An
389 2788 480 2853 pengie
488 2787 783 2851 eliqnidSopirocieumi’
819 2807 852 2840 ex
864 2794 901 2842 Μ.
912 2793 988 2842 ‘rutili
1000 2792 1032 2841 ed
1044 2804 1100 2841 eum
1110 2791 1227 2854 epistolis
1238 2791 1296 2841 libr.
1308 2795 1347 2842 1³.

254 2864 368 2913 sicidern
377 2862 783 2927 Lucret.lib.‹l.inprooemiu.re.
818 2869 970 2918 Memmiudoe
989 2876 1076 2917 entem
1105 2881 1152 2929 pro
1173 2868 1296 2929 Memmio,
1316 2874 1348 2915 nt

254 2945 280 2990 8.
303 2941 311 2968 ‘
322 2939 425 2990 Deinde
445 2939 513 3004 quod
525 2939 634 2990 obscure
644 2941 679 2991 de
691 2955 719 2990 re
730 2948 782 2992 tem
820 2943 946 3006 Seipludoe,
957 2943 1025 3006 epud
1035 2941 1130 2990 Horat.
1138 2942 1191 2991 Set.
1201 2947 1260 2992 21.
1271 2942 1278 2970 ‘
1288 2941 1347 2989 Vir·

253 3016 341 3067 lucide
353 3030 438 3080 pungo
449 3015 586 3065 Csrminu.'
602 3017 686 3066 Lemb.
820 3027 861 3068 tus
872 3018 1013 3082 Scipisdae,
1025 3023 1052 3067 et
1063 3017 1133 3066 mitb
1152 3016 1279 3080 replentis
1291 3018 1347 3066 11oe-

289 3093 379 3155 Cosor]
404 3091 499 3141 Coneri
522 3091 570 3143 boc
588 3092 646 3142 ioco
667 3093 783 3157 cogitare
819 3095 856 3145 li.'
872 3102 900 3146 et
919 3094 987 3158 epud
1007 3094 1081 3157 virg.
1094 3093 1153 3142 AEn.
1165 3097 1190 3142 6.
1199 3097 1256 3142 Sis.
1279 3091 1349 3140 ‘dnn

255 3174 305 3231 eet,
328 3168 378 3218 eibi
400 3168 495 3232 eliquid
517 3182 671 3232 proponere,
691 3168 782 3218 decen
819 3166 1157 3230 fulminenelltsnpiedae:
1174 3166 1286 3216 elidem
1299 3167 1347 3216 Lu·

255 3258 327 3307 nere,
344 3247 393 3292 dcc.
414 3245 575 3306 προαιρεῖσθαι.
596 3244 632 3292 ite
653 3243 680 3290 in
701 3244 781 3293 lrocce
820 3250 920 3295 cret.l.
937 3249 977 3294 44.
1005 3242 1098 3294 ‘Quod
1115 3249 1349 3304 superest,vecnss

254 3318 300 3368 lib.
321 3333 359 3369 re.
382 3321 440 3367 oto.
463 3318 536 3366 ‘curn
558 3317 622 3367 dere
639 3319 782 3368 conentur!
821 3321 903 3370 atini·
924 3320 985 3368 milri
1006 3317 1172 3378 Memnriede,
1189 3323 1216 3366 et
1235 3315 1349 3384 testere.

255 3402 285 3445 ut
301 3401 328 3445 et
345 3395 370 3444 in
387 3399 413 3443 6.
431 3393 556 3458 ‘nemque
570 3395 626 3457 ipss
642 3395 675 3443 de
692 3409 720 3444 re
727 3396 783 3458 jum
821 3396 873 3446 Ubi
893 3404 980 3446 minen
998 3395 1075 3456 vulgo
1086 3393 1191 3456 legitur,
1201 3394 1261 3442 nib
1271 3393 1349 3442 Mene-

255 3472 344 3523 dicere
351 3473 446 3522 conor!
456 3473 498 3521 Sic
504 3471 623 3520 Verroin
631 3469 785 3534 praeietione
821 3471 883 3522 inies
898 3477 921 3520 ct
940 3476 972 3520 ie.
989 3476 1018 3519 ut
1029 3469 1062 3517 sit
1074 3474 1160 3517 rectus
1182 3468 1351 3532 provocandi

254 3547 784 3613 lib.l.‘qucbreviusdeeereconortri-
822 3563 892 3599 cun.
918 3548 1001 3598 hub.
1041 3545 1118 3595 Ceius
1140 3547 1276 3596 Memmius
1297 3546 1350 3596 (le-

255 3625 304 3673 bus
315 3624 387 3672 libris
398 3624 548 3688 exponere)
580 3625 641 3674 Non
651 3623 726 3671 sliter
736 3625 785 3674 Te·
822 3626 913 3673 mellus
932 3622 1084 3680 diccbetnr3
1105 3620 1148 3669 illc
1168 3623 1233 3684 ipse,
1251 3621 1284 3670 de
1300 3635 1351 3685 quo

256 3700 334 3748 rentii
345 3699 388 3748 ille
399 3701 471 3748 lorus
483 3699 662 3762 sccipiendus:
687 3697 784 3748 ‘Cone
823 3701 949 3760 Getullns,
960 3698 1004 3762 qni
1015 3699 1039 3746 ei
1054 3695 1182 3745 subiretur
1193 3703 1260 3758 eret,
1271 3697 1351 3760 scrip·

256 3777 304 3825 ber
315 3775 361 3824 tibi
372 3775 482 3837 obviem,
492 3775 582 3824 llere!
591 3774 609 3824 l.
619 3789 642 3824 e.
648 3773 682 3822 de
692 3779 717 3822 te
726 3787 785 3823 con·
822 3776 866 3838 sit,
880 3773 1010 3824 Olllemmi
1028 3772 1084 3820 lese
1099 3785 1144 3832 sse,
1154 3773 1196 3833 irc.
1215 3786 1273 3835 quie
1292 3772 1352 3836 quie

255 3849 387 3900 veniendo
397 3849 551 3914 cogitabunt.
560 3863 643 3913 neque
652 3863 729 3912 porro
736 3851 786 3900 elie
823 3851 953 3914 turpiculo
961 3853 1029 3909 sunt,
1039 3847 1087 3895 lruc
1094 3859 1143 3893 non
1154 3843 1352 3894 transferentur.

255 3927 358 3977 ratione
379 3925 556 3988 recipiendum
578 3931 619 3974 est
639 3924 708 3988 quod
725 3925 786 3973 alibi
826 3928 867 3974 De
879 3926 1005 3987 illosaepe
1025 3921 1092 3984 opud
1112 3920 1273 3968 Ciceronem.
1291 3919 1352 3970 Fui.

257 4005 338 4056 dixit:
369 4004 527 4053 ‘isthuccine
556 4003 644 4053 eonuri
670 4003 786 4066 qncenrl'
824 3993 1351 4058 blemmiusGemellue‚quocumAtlsenes

258 4081 299 4130 lbi
318 4086 391 4131 certe
408 4079 506 4142 conari,
524 4079 589 4128 velle
599 4085 650 4139 est,
663 4080 703 4127 sel
715 4079 784 4140 cogi·
821 4078 883 4127 clins
894 4074 1028 4139 profectos
1038 4077 1094 4121 eret
1104 4071 1248 4131 Lucretius,
1261 4077 1289 4120 et
1301 4085 1352 4135 quo

256 4165 322 4207 tere.
357 4157 397 4207 lte
418 4155 527 4204 Pleutue
544 4153 648 4212 alicubi,
674 4152 682 4180 ‘
694 4153 784 4217 Neque
820 4151 983 4202 familiariter
998 4149 1135 4198 utebatur:
1157 4145 1190 4194 de
1205 4145 1250 4194 illo
1266 4153 1353 4196 entem

257 4233 345 4282 ceneri
363 4233 390 4282 id
420 4230 507 4281 fecere
537 4228 670 4280 eutichetis
699 4229 786 4290 prius.'
821 4227 931 4293 plurime
950 4225 1038 4275 videet
1056 4223 1151 4272 Lector
1177 4221 1203 4271 in
1227 4219 1350 4271 disserte-
