3066 4848
269 403 355 472 1092
615 413 724 464 uuum
748 411 949 463 vsuronuu
972 409 1011 461 ru

269 575 363 612 rorone
386 558 550 610 menifestum
568 566 618 620 est,
636 559 680 624 qul
697 557 742 607 lib.
761 557 796 607 do
831 571 910 620 supro
920 555 1036 605 breviter
1046 550 1177 612 admonui,
1190 550 1260 600 nullo
1271 563 1361 599 exem

269 639 344 698 Peto,
360 636 509 688 'Quendam
523 635 573 684 tim
586 635 688 696 motus,’
703 634 795 698 inquit,
831 635 875 696 plo
888 631 1028 697 proposito.
1062 629 1235 692 ltequcuunc
1249 627 1364 676 dnoex·

266 713 420 762 ‘bebebuut
447 725 462 760 e
488 710 637 759 Democrito
663 709 795 773 impulsio-
832 707 918 770 emptu
938 705 1013 768 bujus
1041 704 1080 752 rei
1102 703 1212 765 iusignia
1241 699 1362 750 silerent.

268 787 317 850 nis,
344 801 420 852 quem
446 787 549 850 plagens
570 783 614 834 illc
634 785 758 848 eppellet‚
780 797 795 831 o
831 783 918 831 Unutn
938 787 981 830 est
1006 778 1033 828 ln
1054 779 1171 828 oretious
1195 775 1363 834 cluentinus.

267 871 304 924 te,
314 863 436 926 Epicure,
447 861 583 926 greritetir
593 867 622 911 et
633 859 755 924 ponderis
764 857 795 924 ι’)
830 870 888 919 quae
900 856 977 919 vulgo
987 853 1145 915 inscribitur,
1160 867 1209 916 pro
1221 851 1253 900 A.
1264 850 1364 899 Cluen·

268 938 388 1002 agnovit:
416 935 550 986 Plutsrcb.
574 935 607 984 de
630 935 702 985 Ploc.
725 933 794 985 Pbil.
830 932 869 981 tio
888 930 1002 980 Habito:
1019 930 1045 978 in
1066 943 1168 993 qusque
1185 927 1287 990 pessit,
1300 926 1310 952 ⁸
1323 924 1367 972 A..

267 1018 292 1063 l.
317 1016 358 1062 2³.
392 1011 520 1075 Epicurus
545 1011 626 1075 igitur
649 1010 713 1060 dnus
736 1024 794 1074 epe·
831 1009 968 1059 Cluentius
984 1007 1108 1058 Habitus'
1125 1012 1297 1070 cognomento
1311 1015 1361 1064 sp-

266 1087 319 1136 clee
338 1091 423 1136 motus
443 1084 569 1134 nstnrelie
588 1085 734 1147 coustituit,
750 1083 795 1133 sll-
830 1087 953 1150 pelletur,
978 1101 1036 1137 cunt
1058 1093 1086 1137 ct
1108 1100 1156 1150 pro
1182 1084 1216 1135 Α.
1235 1083 1363 1134 Cluentio

267 1173 307 1210 em
326 1160 359 1209 ed
377 1158 600 1224 perpendiculum,
617 1159 693 1209 elium
705 1157 738 1208 ud
749 1157 794 1207 de·
830 1162 911 1212 Avito
926 1163 1062 1228 legendum
1079 1164 1122 1225 sit,
1137 1169 1165 1212 et
1177 1162 1211 1214 Α.
1223 1162 1362 1212 Cluentius

266 1237 442 1298 clinationem,
461 1233 593 1299 'netem
615 1233 656 1284 iio
681 1235 731 1294 ribo
750 1235 794 1294 τῆς
829 1245 1001 1302 cognomento
1025 1237 1149 1288 ‘Avitus’
1173 1237 1209 1286 eit
1226 1236 1365 1301 sppellsn·

266 1309 425 1373 micauri
440 1310 502 1360 sord
521 1309 635 1373 molem,
651 1310 690 1360 eol
704 1310 733 1359 ri
752 1327 793 1358 eo-
830 1313 887 1364 dus.
920 1313 1040 1364 Alterum
1053 1311 1364 1374 estinCstonemsjore,

266 1387 298 1436 ed
312 1385 474 1452 enpeyeiwu.
500 1386 654 1437 Plutarchus
669 1387 703 1437 de
722 1387 794 1437 Plec.
831 1388 875 1438 ubl
895 1389 973 1453 vulgo
988 1388 1100 1452 legitur:
1118 1386 1237 1436 ‘Audire
1252 1392 1278 1435 te
1288 1385 1363 1434 erbi-

267 1463 336 1512 Pbil.
354 1467 378 1512 l.
399 1467 441 1512 2⁸.
472 1462 562 1511 blotus
580 1461 621 1511 bic
644 1462 794 1512 declinetlo·
831 1471 895 1526 tror,
925 1465 1023 1530 Scipio,
1050 1465 1143 1526 bospee
1172 1468 1232 1512 tues
1253 1461 1362 1510 bebitns'

266 1537 307 1588 nle
318 1537 794 1600 idcircouecessarinseetvieus,quo·
830 1539 997 1604 blesseniese,
1012 1553 1070 1603 qun
1092 1537 1174 1588 faciet
1194 1536 1288 1598 bodie,’
1306 1539 1360 1586 &c-

265 1613 335 1662 uietn
348 1612 462 1677 elloquio
474 1613 558 1661 nullus
569 1613 638 1662 inter
648 1619 746 1662 etotuos
757 1611 794 1660 ic·
831 1627 888 1662 uum
907 1612 1043 1676 legendum
1055 1613 1098 1676 sit,
1113 1615 1196 1677 iopes
1205 1613 1360 1663 meruitne.

266 1694 309 1737 tue
322 1686 425 1738 futuros
435 1685 536 1750 fuisset,
552 1688 673 1752 nulleque
684 1687 794 1752 proinde
831 1688 874 1737 Dc
893 1687 984 1752 quibus
1001 1687 1063 1736 lucis
1084 1701 1124 1737 me
1143 1687 1274 1736 edmonult
1284 1687 1360 1737 Petr.

266 1762 397 1813 extitisset
408 1777 518 1828 nuqnsrn
536 1763 611 1813 ullius
629 1762 668 1811 rei
688 1775 795 1826 genero·
830 1761 916 1810 Faber
933 1762 1086 1824 Tolosenus,
1111 1762 1149 1811 vir
1170 1762 1277 1812 doctiss.
1297 1775 1359 1812 cunr

265 1839 312 1890 tio.
333 1839 426 1889 Cicero
437 1841 463 1888 ln
472 1839 515 1888 lib.
524 1843 547 1888 l.
559 1839 593 1888 de
605 1839 662 1887 Fin.
678 1838 794 1888 ‘censet
831 1851 881 1888 nne
900 1837 987 1887 Romte
1007 1853 1135 1888 essemus:
1153 1838 1230 1903 idque
1240 1853 1268 1888 se
1278 1854 1294 1887 e
1305 1839 1359 1888 Cu-

266 1915 395 1979 Epicurue
407 1911 496 1964 eedem
511 1915 558 1966 ills
569 1913 702 1964 individue
717 1919 744 1963 et
755 1929 795 1963 oo·
825 1911 908 1974 jerio,
930 1911 1117 1974 jurisconsulto
1144 1913 1230 1962 etoile
1261 1920 1358 1962 norme

265 1989 318 2040 lide
329 2003 439 2054 corpure
450 1988 513 2040 ferri
530 2004 576 2040 suo
593 1990 713 2040 deorsum
731 2003 792 2054 pon·
828 1986 979 2051 clarissimo,
1004 1987 1137 2051 occepisse
1159 1987 1268 2037 sddidlt.
1312 1988 1358 2037 Sic

268 2065 331 2115 dere
344 2065 377 2115 ed
388 2065 569 2127 lineum,huuc
580 2066 725 2115 neturslem
737 2077 793 2114 esso
828 2060 897 2110 infre
919 2061 944 2110 iu
961 2063 1089 2126 principio
1105 2062 1149 2112 lib.
1168 2067 1193 2112 Β.
1208 2063 1266 2114 cod.
1281 2063 1358 2112 Veti-

266 2141 379 2190 omnium
397 2155 534 2206 corporum
551 2149 657 2192 motum.
689 2140 792 2191 Deinde
828 2150 907 2186 canui
921 2136 1020 2188 hebet:
1035 2139 1134 2190 ‘Quod
1154 2146 1180 2188 te
1198 2138 1294 2188 imitsrl
1311 2139 1359 2187 be·

266 2215 362 2266 ibidem
383 2216 458 2266 bomo
477 2222 579 2281 ocutus,
595 2231 654 2267 cunt
672 2215 735 2265 illud
752 2230 794 2265 oc·
828 2210 887 2262 beu.
918 2211 988 2263 Quid
1007 2211 1076 2262 euim
1093 2214 1238 2264 contendet
1247 2212 1358 2262 birundo

266 2297 395 2353 curreret,
406 2293 427 2340 si
438 2292 522 2341 omnin
533 2291 652 2342 deorsurn
663 2306 678 2340 c
688 2292 792 2356 regione
829 2286 947 2350 Cycnlsl'
963 2301 1022 2338 cum
1034 2289 1199 2353 perspicuum
1214 2289 1257 2352 eit,
1269 2289 1359 2351 legen·

264 2363 792 2428 ferrentur,et,utdixi,sdlinesm,nun·
828 2361 888 2411 durn
907 2375 963 2412 cese
982 2377 1048 2412 oueo.
1079 2364 1124 2414 Sic
1140 2371 1233 2414 nonin
1253 2361 1359 2412 ‘omne'

265 2453 342 2504 quem
352 2436 408 2489 t'ore
424 2447 454 2488 ut
468 2446 569 2490 storum
582 2439 666 2490 ultore
683 2441 791 2490 elterem
829 2450 877 2499 pro
888 2435 969 2500 obire,
985 2445 1013 2488 et
1024 2439 1104 2488 mults
1114 2438 1206 2488 similis
1216 2440 1242 2490 iu
1258 2437 1359 2488 eisdem

266 2513 351 2578 possit
367 2513 505 2579 ottingene,
524 2513 611 2578 lisque
628 2514 716 2564 ottnlit
737 2528 791 2564 rem
828 2512 901 2561 libris
920 2527 991 2576 saepe
1010 2513 1160 2577 reperimus.
1175 2513 1259 2563 lamb.
1293 2515 1358 2576 Cep

265 2589 477 2638 commentitium.
503 2587 643 2638 Declinere
659 2588 793 2638 (11111111-
828 2600 919 2636 mere
929 2588 1034 2652 meuse]
1049 2589 1159 2638 Veteres
1168 2588 1243 2640 libri:
1260 2589 1360 2639 ‘bebe-

265 2679 336 2713 mum
347 2665 506 2728 perpoullum
514 2678 565 2727 qno
575 2664 637 2713 nihil
647 2662 791 2728 possitfierl
828 2661 903 2722 mus,'
920 2663 1024 2728 entique
1036 2679 1082 2728 pro
1094 2677 1207 2714 evernns.
1225 2665 1280 2726 Gis.

264 2737 359 2800 minos,
371 2735 694 2802 iteefficicomplexiouer,
710 2745 737 2790 ot
749 2753 791 2788 oo·
860 2739 908 2786 211
926 2737 1027 2786 lieston
1042 2751 1085 2800 per
1101 2739 1183 2802 isene]
1207 2739 1264 2789 be.
1283 2747 1358 2791 moto

264 2813 457 2876 puletionen,et
473 2813 633 2863 ndbnsiouer
648 2821 791 2864 sturnorum
828 2815 1044 2878 perpendiculsri.
1089 2815 1131 2866 lte
1152 2824 1240 2867 nutem
1261 2817 1358 2868 dicitnr

264 2885 426 2950 interim:
448 2903 498 2952 quo
519 2887 666 2938 efficeretur
681 2888 791 2938 rnuddtts
828 2896 929 2940 rectum
957 2891 1042 2956 iunue,
1066 2899 1096 2942 ut
1122 2892 1132 2921 ‘
1155 2899 1227 2944 recto
1249 2896 1356 2959 regione

265 2974 405 3026 omnesque
424 2970 511 3026 portet
530 2962 617 3012 mundi
639 2977 696 3028 quoe
713 2964 739 3012 iu
760 2979 791 3012 eo
828 2963 896 3014 viel!
921 2965 1015 3030 Neque
1026 2968 1094 3017 enirn
1103 2982 1211 3019 necesse
1219 2976 1260 3020 est
1268 2971 1356 3034 legere

264 3035 343 3084 sunt!
369 3037 446 3088 Heuc
463 3039 614 3088 sententium
626 3054 677 3088 uss.
694 3042 735 3089 11.
747 3053 791 3089 ex·
826 3043 919 3090 nummu
926 3056 969 3104 per
977 3043 1056 3104 loom,
1067 3042 1136 3107 qnod
1145 3045 1258 3108 cuipiam
1270 3048 1357 3097 sides·

264 3111 346 3176 plicet
354 3111 500 3163 bucretlue.
518 3114 612 3164 Creecle
827 3123 878 3167 tur.
899 3116 960 3168 Fui.
993 3117 1048 3168 Atti
1064 3118 1142 3183 illem,
1152 3135 1229 3184 quum
1239 3121 1356 3186 opposui,

296 3190 345 3236 ild
358 3187 503 3250 Cognoscere
512 3189 618 3252 oremus]
630 3189 689 3240 Non
701 3191 791 3241 celobo
827 3190 1074 3256 interpretationem
1085 3203 1237 3259 sequuntur.
1259 3198 1356 3247 Creecb

263 3259 399 3323 lectorem,
417 3262 486 3325 quod
504 3263 562 3312 leve
577 3278 609 3312 oc
628 3267 791 3326 nugetorlnrn
860 3270 908 3317 218
936 3267 1085 3318 Ponderibus
1110 3270 1227 3334 propriis]
1261 3270 1357 3320 lunets

262 3331 373 3384 fortusse
385 3335 496 3398 euiplstu
509 3337 636 3402 videntur,
651 3338 696 3389 scd
708 3341 733 3388 ei
751 3348 790 3391 tn·
827 3345 965 3408 gravitate.
999 3345 1092 3409 firme]
1116 3347 1159 3396 Slc
1180 3347 1278 3397 bubeut
1298 3347 1357 3397 llbrl

263 3423 332 3471 meu,
348 3411 392 3475 qui
410 3416 530 3460 versetur
545 3411 572 3461 iu
586 3413 701 3464 lectione
711 3415 789 3465 libro·
827 3428 938 3482 veteres,
962 3422 995 3471 (lo
1019 3436 1071 3486 qtte
1100 3423 1229 3487 scripture
1253 3423 1357 3487 judicet

262 3496 318 3534 rum
335 3487 436 3536 colunto
458 3495 627 3551 exaratorum,
651 3491 738 3555 magui
755 3491 790 3542 sit
826 3495 909 3545 lector
925 3495 1082 3559 ingeniosus.
1115 3497 1183 3547 Num
1199 3511 1232 3546 ex
1247 3497 1356 3562 vulgetis

262 3563 401 3612 momenti:
428 3563 454 3611 in
481 3570 592 3628 quotuor
610 3565 683 3614 libris
703 3579 789 3616 moun·
827 3571 870 3620 elii
888 3570 1094 3630 bebentsersee:
1111 3572 1248 3632 nliiferri.
1265 3572 1356 3622 bemb.

262 3634 369 3697 scriptis
380 3635 432 3698 legi
444 3653 580 3700 cognoscere
596 3639 713 3702 inimo,
730 3655 789 3705 per·
827 3644 918 3708 Fimte]
941 3645 985 3696 ltu
1004 3654 1106 3696 ueteres
1125 3646 1195 3696 libri.
1236 3647 1356 3711 vulgetis

263 3709 353 3770 spicue
365 3711 495 3763 mendose.
506 3713 574 3778 quod
586 3729 618 3764 eo
628 3717 734 3767 consilio
744 3731 790 3767 uo·
819 3721 898 3780 ferme
909 3727 936 3770 et
945 3719 1019 3780 feni.
1037 3720 1092 3772 Gis.

261 3783 325 3846 tevi,
343 3791 373 3834 ut
387 3785 453 3836 sclst
468 3789 552 3839 lector
570 3790 653 3839 miuus
671 3792 748 3842 tritus
762 3793 788 3842 in
858 3797 930 3846 Ferre·
939 3797 1029 3847 incerto
1047 3803 1149 3861 tertpm
1164 3796 1306 3860 incertisque
1322 3797 1358 3846 le·

262 3858 407 3924 hujusmodi
419 3860 500 3926 libris,
516 3864 624 3928 primunr
636 3865 662 3914 iu
673 3867 711 3916 eis
723 3868 789 3930 sspi·
825 3871 872 3936 eis]
897 3872 1042 3922 Ridiculum
1065 3873 1143 3936 plsue
1173 3872 1256 3920 rideri
1277 3877 1358 3935 quest

262 3935 372 3988 rationi·
390 3943 477 3988 notum
499 3952 570 4002 supe
591 3954 648 3990 esse
667 3955 789 4006 superve-
826 3947 895 4012 qnod
920 3948 969 3996 boc
997 3947 1055 3996 loeo
1085 3945 1178 3996 scribit
1207 3946 1359 4006 Lucretius,

262 4025 388 4074 cuneum
404 4017 432 4062 et
442 4016 534 4062 contre
544 4019 615 4078 osope
630 4015 787 4066 desideraris
825 4021 909 4085 prime
930 4033 1039 4084 corpora
1056 4022 1154 4071 moveri
1169 4021 1269 4071 incerto
1290 4029 1359 4070 tern-
1431 4075 1434 4079 ,

264 4089 360 4139 deiude
381 4102 450 4151 enpe
473 4089 487 4138 b
509 4104 557 4155 pro
578 4106 604 4152 o,
624 4094 789 4156 eto‘prob
826 4111 898 4160 pore,
916 4097 1167 4162 incertisqnetlocis;
1185 4096 1301 4147 diceslid
1323 4099 1361 4150 nd

265 4167 390 4231 scriptum
400 4165 525 4230 reperiri:
539 4166 752 4232 quemadmodum
761 4176 790 4220 et
826 4170 958 4222 nitendum
979 4171 1027 4222 loti
1052 4164 1233 4223 necessitstenr
1257 4173 1360 4223 iniero.
