3050 4852
325 417 359 464 r.
384 417 561 466 ononnrrr
586 416 673 466 utar
701 417 750 464 nn
776 417 906 468 aaron
930 419 1018 469 nnn.
1044 421 1115 468 ara.
1141 423 1163 470 t.
1209 405 1294 474 1029

202 559 334 609 sententia
344 573 406 610 vera
414 567 495 624 esset,
506 575 539 610 ex
551 559 679 625 lapidibus
691 562 730 609 in·
767 559 881 612 effluere.
906 561 970 611 Cum
982 568 1069 612 autem
1081 563 1118 612 ita
1129 577 1232 628 semper
1240 565 1293 614 edi·

203 645 246 688 ter
256 653 284 689 ae
304 640 423 690 contritis
434 640 555 700 calorem,
572 640 590 690 i.
602 654 625 690 e·
644 640 729 704 iguem
769 637 859 699 desim,
869 638 969 702 qnidam
982 638 1105 688 berbarua
1122 641 1293 690 cslrrnrniatur

204 729 317 766 manare.
352 716 417 766 lice
432 717 483 766 illc.
517 715 596 767 Quasi
616 729 649 764 ex
664 716 729 779 lapi·
766 729 808 764 me
830 715 952 778 edidisse,
968 716 976 743 ‘
989 729 1092 765 manua
1110 717 1240 776 calorem‚’
1257 731 1291 766 ex

204 791 280 841 dibus
292 792 410 841 contritis
419 791 537 842 scintille
547 805 597 840 nou
606 792 728 841 exiliant:
767 805 809 852 cu,
828 790 897 855 quod
916 792 941 840 in
952 798 1095 840 erratorum
1107 791 1294 841 emendationi·

203 867 321 931 ejiciatnr
332 868 409 930 igitur
420 867 460 916 bic
471 881 562 916 versus
574 873 626 915 tam
636 867 729 929 impor·
768 865 814 915 bna
825 867 950 930 scriptum
961 865 1057 928 luerat,
1072 881 1167 917 mosera
1177 869 1293 917 colorem.-

205 949 283 992 tuuoa
301 949 329 992 et
350 943 459 1003 inutilla,
483 955 516 990 nc
536 941 624 992 forsan
643 941 730 1006 aliqui,
767 942 834 1006 qnod
845 955 933 991 errore
944 942 1042 991 librarii
1060 940 1159 991 facturn
1181 949 1231 1004 est,
1248 943 1293 1006 qui

203 1018 272 1081 quod
286 1019 342 1082 jans
362 1019 445 1080 Fayns
457 1016 530 1080 iecit,
541 1019 730 1068 exeocoucln·
766 1018 840 1067 initio
859 1017 978 1067 ediderat
995 1032 1091 1067 masura
1109 1019 1219 1080 calorem,
1242 1033 1288 1081 pru

202 1092 294 1142 derent
313 1093 460 1143 Lucretium
479 1093 607 1155 docuisse,
618 1109 728 1158 corpora
766 1108 983 1156 manutentorem,
994 1107 1051 1142 meo
1062 1093 1176 1156 injussu:
1201 1095 1290 1143 atatim

199 1175 289 1218 nostra
318 1171 388 1219 saxis
415 1175 443 1218 et
468 1169 597 1232 lapidibus
625 1171 728 1221 nutriri.
766 1177 852 1219 autern
861 1183 908 1220 suu
917 1183 1004 1218 errore
1013 1168 1126 1231 cognito,
1138 1168 1163 1216 in
1175 1168 1290 1219 omnibna

200 1243 335 1307 Interprea
363 1245 408 1295 tali
428 1244 529 1294 ferculo
553 1246 729 1308 dignissimus.
765 1245 994 1307 exempllsssoaure
1009 1259 1113 1294 moreat
1129 1244 1289 1308 restituerat,

200 1319 296 1372 Crescit.
329 1321 390 1370 Cara
407 1322 488 1385 lapidi.
505 1322 727 1374 VideVar.Lect.
764 1321 832 1382 qaod
843 1321 960 1370 nesciens
970 1321 1099 1384 jusseram
1109 1320 1136 1369 iu
1147 1327 1290 1371 erratorum

199 1396 390 1446 Exterminarit
406 1400 446 1461 (et
463 1397 567 1461 quidem
575 1397 660 1462 recte)
679 1399 726 1449 Fa·
763 1413 896 1448 numerum
918 1398 967 1448 boc
988 1398 1093 1448 referri:
1115 1397 1184 1462 qnod
1206 1397 1288 1448 t'eoit:

198 1471 254 1535 ber,
276 1472 394 1523 defendit
415 1474 528 1522 anncb.
549 1473 617 1524 Λᾶν.
639 1482 662 1526 o.
684 1481 726 1529 24.
762 1473 840 1537 idqne
857 1487 987 1538 perverse.
1015 1474 1082 1524 Nam
1104 1488 1162 1523 com
1182 1481 1251 1524 esset
1261 1474 1288 1523 iu

198 1548 305 1598 Vossius
315 1557 391 1612 pater
403 1555 515 1598 testetur
532 1550 557 1598 in
575 1551 627 1598 saia
646 1565 723 1600 menr-
762 1556 886 1600 contexto
897 1565 992 1600 more
1007 1565 1121 1612 mores,
1138 1557 1228 1600 recte:
1244 1551 1288 1601 illc

199 1623 285 1673 brania
294 1625 420 1687 scripturn
433 1626 492 1674 Cara
502 1625 610 1688 lepidiia
621 1629 723 1691 lapidera
761 1626 978 1676 interemtorum
987 1625 1180 1675 emendationes
1191 1627 1289 1688 posuit,

197 1704 216 1748 t.
234 1715 265 1748 aa.
278 1716 299 1748 c.
317 1701 342 1748 io
355 1700 479 1750 addendis
496 1703 528 1751 ad
544 1717 567 1753 e.
583 1708 624 1752 la.
644 1707 686 1756 lib.
698 1710 722 1754 π.
760 1703 972 1752 mambrem.
988 1701 1075 1752 bamb.
1104 1703 1226 1752 cruorem.
1243 1701 1286 1752 lta

196 1775 318 1824 deAnal.
336 1775 401 1827 Hor.
436 1777 496 1826 Gaas
511 1779 643 1844 lapideae,
671 1781 722 1830 De·
760 1778 927 1828 omoeslibri.
960 1779 1031 1829 Mala
1047 1791 1109 1842 ergo
1127 1776 1286 1828 Lambinuss

196 1853 298 1903 lendnnr
310 1855 487 1906 buncrerauru
495 1865 583 1908 monet
596 1860 722 1922 margine·
758 1856 865 1904 edurent.
882 1854 937 1905 Gif.

196 1930 481 1983 lianosterannotator.
516 1934 610 1998 Recte,
627 1943 655 1984 ut
666 1937 723 1998 opi·
771 1933 840 1978 -886
856 1928 962 1991 halices]
979 1929 1074 1994 Aquat-
1090 1929 1285 1993 obitertperia·

195 2020 258 2054 nor:
277 2008 318 2056 est
335 2009 402 2058 enim
421 2008 608 2072 deportemus·
621 2024 671 2059 uec
682 2010 721 2060 ta·
758 2019 815 2054 mus
831 2007 916 2055 locum
935 2006 1003 2068 apud
1022 2006 1157 2070 raptorum
1173 2007 1244 2070 Sylr.
1260 2013 1285 2058 4.

194 2083 272 2132 citad
281 2084 432 2135 Rbornbnm.
444 2087 569 2147 glossema
581 2095 679 2136 tantum
692 2095 721 2138 ct
757 2085 782 2129 ⁷·
795 2085 835 2131 17·
847 2083 958 2132 nondum
970 2083 1032 2131 tilia
1043 2083 1161 2132 obvium:
1174 2083 1217 2132 ubi
1229 2085 1284 2136 Du·

194 2159 340 2219 marginalis
360 2163 492 2210 annotatio
511 2164 604 2225 partim
626 2163 658 2211 ad
684 2163 720 2224 td,
758 2155 844 2206 mitius
860 2156 939 2219 cnlpa
955 2164 1039 2206 tameo
1050 2155 1166 2206 mendosi
1178 2157 1284 2222 codicis,

194 2235 261 2298 quud
281 2235 348 2285 dixit
365 2237 451 2300 poeta,
476 2237 599 2287 ‘Mittere
619 2240 718 2300 signnm
756 2230 896 2281 soedittime
918 2239 958 2280 eal
981 2233 1078 2296 lapsus.
1110 2231 1219 2294 ‘necet
1244 2233 1283 2281 iu·
1391 2257 1397 2268 ·

192 2311 321 2374 sanguinis
331 2311 349 2374 3’
381 2314 474 2375 panim
497 2313 530 2362 ,d
553 2313 578 2361 td
599 2313 667 2378 qnod
685 2313 718 2363 de
755 2308 821 2371 quit,
837 2309 846 2335 ⁴
855 2321 896 2356 ure
910 2315 997 2356 natum
1009 2307 1131 2371 propiore
1143 2314 1211 2356 terra
1222 2308 1282 2358 Nou

192 2384 325 2451 ‘frugibus
356 2389 447 2438 robore
479 2390 535 2438 mi
561 2387 720 2452 frangendi&
756 2383 1282 2447 tamenportaretiueutamoeooDesides

191 2460 265 2510 dlala
282 2461 412 2512 caeterum
427 2478 474 2527 pro
484 2466 582 2513 aerim„
592 2470 717 2528 corrupte
753 2457 837 2521 Baias,
855 2460 984 2510 laticense
1002 2466 1078 2508 uotns
1094 2459 1218 2510 Hectoris
1229 2476 1282 2511 aor-

192 2537 293 2599 quidam
303 2537 370 2587 liber
382 2540 432 2588 Ma.
445 2540 518 2588 voss.
527 2546 638 2592 tenemus.
662 2545 716 2593 Pro
752 2536 808 2585 nis!
825 2537 995 2586 scribendum
1003 2551 1036 2586 cx
1048 2538 1138 2600 priscis
1149 2523 1291 2603 exempla-¹

190 2615 407 2677 marcomanorum
414 2629 502 2664 rocem
511 2617 583 2666 nibili
594 2618 715 2670 babebat.
754 2613 833 2675 ribus,
848 2614 957 2663 illicem
974 2618 1043 2662 meaa
1054 2613 1178 2663 -Hectots'a
1192 2617 1280 2666 armis:

192 2685 276 2748 Prea'g.
753 2696 782 2738 et
799 2689 922 2751 intelligit
949 2703 977 2737 se
996 2689 1068 2739 nulla
1088 2701 1136 2740 nec
1156 2690 1279 2740 Baiarum

224 2763 350 2828 currem]
365 2764 492 2815 Putabam
504 2763 567 2816 lerrl
579 2782 630 2817 uon
640 2785 714 2834 possa
753 2777 802 2814 uec
811 2765 904 2814 Miseni
916 2765 1000 2814 teneri
1013 2763 1164 2828 voluptitica
1174 2765 1279 2814 amoeni-

188 2837 255 2886 bauc
263 2837 399 2888 lectionem
411 2839 550 2904 vulgatam,
560 2859 714 2894 munerem-
752 2847 817 2890 tate.
832 2841 1015 2890 Scimosetiaro
1026 2841 1156 2890 Misenum
1166 2842 1193 2890 iu
1203 2841 1278 2892 Cam·

188 2927 266 2964 mear.-
282 2913 371 2980 (quam
383 2916 415 2965 ob
427 2931 481 2966 rem
492 2919 560 2968 enlm
576 2922 711 2971 convente·
753 2916 830 2982 paula
840 2924 959 2966 vocatum
979 2930 995 2965 a
1012 2916 1114 2964 Miseno
1130 2917 1174 2966 illo
1192 2917 1280 2968 Maro-

186 2989 232 3039 bat
251 3005 283 3039 ex
301 2991 429 3055 lapidibus
450 2995 519 3044 iuter
538 3009 566 3044 ae
578 2997 673 3046 collisis
683 3005 712 3048 et
749 2993 887 3042 nisnoiiiic
899 2991 1018 3055 sepulto:
1037 2991 1082 3056 qui
1093 2990 1143 3042 i'uit
1155 2991 1279 3042 Hectoris

187 3065 306 3116 contritis
317 3081 434 3117 cruorem
445 3071 580 3136 manaret)
612 3073 710 3138 Legeu·
748 3071 901 3129 liticen,boc
910 3069 1279 3132 eat,lltount,retortamride·

187 3135 298 3206 dumque
320 3157 385 3206 esse,
399 3159 496 3195 mamre
514 3149 631 3206 coloreas,-
657 3151 675 3200 i.
686 3165 710 3202 e.
747 3148 809 3198 licet
821 3147 917 3209 tubam,
937 3144 1062 3206 inflabat3
1079 3145 1113 3194 de
1132 3159 1182 3208 quo
1200 3146 1277 3194 Maro

185 3217 279 3282 ignem,
291 3232 335 3269 seu
347 3217 490 3274 flammam:
509 3224 583 3274 ussit
599 3225 640 3274 bic
660 3227 710 3276 Lu·
748 3229 823 3273 seam
844 3223 901 3272 AEu.
921 3221 1002 3287 (uode
1023 3222 1079 3271 baec
1100 3221 1212 3271 Statium
1233 3223 1277 3272 ‹le-

185 3295 261 3343 cretil
273 3309 377 3356 sensnm
394 3297 580 3362 Conveniebat,
591 3302 612 3349 si
623 3302 711 3351 Anax·
747 3299 880 3364 scripsisse
890 3309 935 3348 aut
946 3299 1073 3348 colorasse
1083 3295 1275 3362 contenderim)

184 3384 270 3433 agorae
283 3372 411 3421 sententia
420 3385 480 3421 sera
487 3381 563 3432 esset,
575 3389 606 3425 es
618 3377 710 3441 lapidi·
748 3391 785 3427 ss.
807 3379 864 3426 tot.
893 3376 949 3425 ‘Et
970 3376 1033 3424 lituo
1053 3387 1151 3437 pnpoaa
1167 3373 1274 3436 iusignia

185 3444 232 3495 bus
244 3446 314 3495 inter
330 3461 359 3496 ae
378 3448 495 3498 contritis
515 3451 635 3514 calorem,
657 3453 674 3502 l.
685 3467 709 3503 e.
746 3451 836 3502 obibat
847 3451 975 3500 etbasta!
992 3451 1062 3500 Pius.
1088 3449 1273 3499 lntirrsdsles'a.

183 3520 280 3584 igneus,
291 3537 409 3572 manare:
429 3525 473 3573 aed
490 3526 602 3577 Turneb.
616 3529 657 3578 coi
670 3545 709 3580 as·
746 3527 933 3588 bstisisdalcis,
951 3525 1027 3575 male.
1047 3523 1102 3583 Gis.
1136 3525 1169 3572 Et
1181 3524 1271 3574 latices.

184 3597 291 3661 sentior,
305 3605 437 3663 receptam
455 3603 590 3652 lectionem
605 3605 711 3669 retinet,
746 3603 790 3652 Sic
800 3601 953 3664 legendnm:
970 3601 1047 3651 etita
1060 3599 1155 3648 babent
1173 3607 1225 3648 tres
1241 3600 1271 3650 ii·

183 3677 210 3720 et
221 3673 268 3748 ait,
284 3673 365 3722 verba
383 3673 436 3738 ilia,
454 3679 463 3705 ⁴
473 3677 536 3726 Cum
554 3679 633 3743 lapidi
644 3682 709 3745 lapi·
746 3679 785 3729 bri
797 3677 981 3740 manuscripti:
998 3676 1148 3742 quibuscum
1166 3690 1272 3726 consen·

184 3745 241 3795 dern
265 3749 390 3799 terimus!
408 3751 576 3815 intelligenda
595 3769 652 3806 esse
674 3757 708 3807 de
747 3755 869 3807 tiontlib.
881 3751 1072 3803 Parisveneti
1092 3749 1174 3815 antiq.
1191 3751 1271 3803 Vica-

182 3822 294 3888 qoodam
305 3825 417 3874 molendi
428 3841 535 3893 genere,
551 3829 577 3879 iu
589 3845 639 3895 quo
654 3832 708 3882 ιΙι·
745 3831 802 3892 tini,
811 3832 820 3860 ⁴
830 3829 956 3880 consimili
963 3826 1069 3878 ratione'
1075 3823 1183 3892 (iuquit)
1194 3827 1203 3854 ⁴
1210 3841 1271 3876 coo·

181 3900 220 3962 pia
229 3901 342 3964 lapidem
351 3901 436 3964 terlt3'
449 3911 478 3953 ut
487 3911 529 3955 est
540 3907 608 3970 apud
618 3909 706 3959 Plant.
744 3905 874 3968 veniebat,
889 3902 998 3966 barbas,'
1021 3901 1111 3967 quibus
1129 3909 1271 3965 paacuntur

180 3974 283 4025 Asinar.
300 3976 388 4025 ‘Num
397 3991 437 4027 nae
449 3980 510 4030 illuc
521 3981 602 4044 (locis,
613 3983 658 4034 nbl
669 3985 706 4034 la·
743 3982 876 4048 pecudea:
895 3991 923 4034 et
933 3983 1035 4044 latices,
1047 3983 1064 4030 i.
1073 3995 1096 4030 e.
1105 3994 1194 4044 aquea
1204 3993 1268 4043 quaa

180 4052 221 4114 pia
232 4053 345 4117 lapidem
361 4057 424 4105 terit
436 4057 453 4106 i'
474 4067 501 4108 ot
522 4061 557 4110 alt
572 4061 627 4112 bec
647 4077 705 4112 sen·
742 4067 843 4125 potant,
855 4065 941 4125 guttas
951 4059 1058 4120 dnlceis,
1068 4065 1096 4106 ct
1106 4053 1185 4104 lactei
1194 4067 1268 4116 sapo-

180 4127 280 4176 tentla=
309 4131 493 4195 conveniebat,
519 4150 552 4184 cx
580 4135 705 4203 frugibus,
742 4135 1013 4200 deminuerunt.
1048 4135 1082 4182 El
1099 4131 1186 4181 leiim·
1217 4130 1265 4180 lt·

178 4213 238 4250 cunr
255 4215 293 4251 ese
312 4205 441 4268 lapidibus
462 4208 560 4259 dnoboa
581 4218 610 4261 et
631 4215 704 4263 molis
741 4214 798 4263 tices
817 4211 944 4261 eaeodd.
964 4207 1112 4269 Lambinus,
1130 4207 1266 4256 convenie-

177 4279 298 4330 eoutritis
319 4282 457 4346 moluntur,
478 4300 596 4338 cruorem
623 4287 704 4340 effuse
741 4285 973 4348 baterdmlatices,
992 4285 1042 4334 i.e.
1059 4295 1266 4348 aquasquaspa·
