3018 4850
425 439 473 486 Dii
498 437 630 487 RERUM
655 439 812 488 NATURA
839 439 911 489 bnt.
936 439 967 486 V.

158 575 291 641 Ducere
305 579 513 647 multimodis
528 601 642 661 voees,
656 587 689 647 et
703 584 833 648 flectere
848 591 987 664 eantue;

159 675 203 740 Et
215 697 340 762 supero
354 681 503 747 celemon
518 702 608 748 unco
624 703 816 768 percurrere
830 686 946 750 lubro:

159 775 269 856 Unde,
284 781 382 844 etium
393 783 519 864 vigileS,
534 803 625 850 nunc
639 786 714 850 baeo
730 786 874 870 edcepta
887 791 1030 863 tuentur,

159 877 205 942 Et
218 883 364 946 numeris
379 903 511 949 servare
525 907 627 970 genus
642 888 808 968 didicere;
830 907 935 970 nequo
950 888 1019 951 hilo

160 979 291 1064 Majore
304 985 428 1049 interea
443 987 579 1070 capiunt
594 988 773 1054 dulcedine
787 989 941 1066 fructum,

161 1080 272 1160 Quam
287 1085 447 1168 sylvestre
465 1109 566 1169 genus
580 1093 736 1174 capiebat
751 1092 996 1174 terrigenarum.
1171 1089 1256 1157 1410

207 1184 306 1264 Nem,
321 1187 409 1270 qood
425 1189 522 1255 adest
535 1199 671 1274 praesto,
684 1193 748 1256 nisi
764 1192 843 1276 quid
858 1192 1075 1275 cognovimus
1091 1197 1169 1257 ente

161 1285 318 1366 Suarines,
333 1291 367 1352 in
383 1292 499 1374 primis
514 1293 639 1376 placet,
655 1300 689 1358 et
703 1294 834 1377 pollere
848 1293 997 1374 videtur3

159 1387 397 1474 Posteriorquo
413 1392 482 1456 iere
494 1395 613 1459 molior
627 1413 681 1459 res
696 1395 756 1459 illu
773 1401 902 1478 repertu

161 1487 290 1568 Perdit,
305 1498 338 1557 et
358 1493 513 1572 inmutat,
529 1514 647 1559 senem
663 1495 705 1560 ud
723 1496 863 1576 pristinu
877 1515 1032 1582 qumque.

161 1591 220 1656 Sic
234 1592 346 1658 odium
363 1595 455 1676 cepit
469 1595 618 1677 gloudis3
641 1596 693 1661 sie
707 1597 764 1661 illo
781 1596 897 1661 relicta
1172 1597 1259 1664 1415

162 1693 275 1758 Strato
289 1695 413 1760 cubilia
426 1703 505 1761 suut
519 1698 644 1777 herbis,
659 1705 693 1763 et
709 1697 881 1762 frondibus
896 1705 1007 1764 aucta.

162 1905 238 1954 variis
247 1908 320 1956 suedis
329 1909 434 1972 proferre
444 1925 520 1972 noces,
534 1913 558 1958 et
568 1923 660 1959 moene
674 1913 766 1968 eantur,
776 1911 800 1957 et
809 1909 935 1971 peruadere
943 1908 1041 1958 adeum
1049 1906 1120 1955 labiis
1129 1921 1198 1969 snper
1206 1919 1260 1953 ean-

162 1983 214 2020 m.
231 1971 291 2020 Inde
300 1973 522 2038 vigilantiamque
533 1973 648 2022 homiues
660 1973 728 2021 bodie
739 1974 861 2022 observant
872 1973 914 2020 bas
923 1987 969 2032 ree,
979 1977 1001 2021 et
1015 1972 1160 2020 edidicerunt
1171 1983 1261 2018 conser-

161 2047 220 2083 vare
228 2037 321 2085 nmen
328 2053 492 2095 nemmem
507 2053 578 2102 neque
587 2037 683 2086 interim
691 2037 823 2100 percipiunt
835 2036 963 2085 utilitatem
973 2037 1057 2098 sunjos-i
1066 2049 1123 2084 oum
1136 2036 1263 2097 uoluptate,

162 2110 232 2160 qum
243 2099 304 2148 olim
315 2103 417 2163 agrestis
430 2117 489 2163 gens
506 2103 626 2152 bominum
640 2117 653 2150 e
668 2105 733 2148 terra
750 2101 882 2162 genitorum
901 2099 1054 2162 percipiebat.
1089 2099 1184 2148 Etenim
1195 2097 1264 2159 illud,

162 2164 224 2224 usati
233 2170 316 2226 sponte
324 2181 428 2228 praem
443 2172 488 2227 est,
506 2167 571 2229 (nisi
583 2167 651 2226 sorte
660 2165 825 2226 morensis
834 2169 906 2214 anteo
915 2165 1005 2226 aliquid
1015 2164 1132 2226 dulcinen)
1145 2162 1264 2225 precipue

162 2229 264 2290 arridet,
275 2234 299 2278 et
310 2231 404 2280 eiddsr
418 2233 515 2290 ealsre‚·
532 2237 556 2280 et
577 2231 660 2280 ultima
682 2243 720 2278 res
731 2231 810 2290 serres
828 2229 981 2291 prestantior
999 2231 1102 2288 uidetur,
1119 2233 1142 2277 et
1161 2225 1264 2274 destruit

163 2292 287 2352 pristinas
301 2309 340 2342 res
353 2295 470 2356 inuentae,
483 2301 506 2345 et
517 2299 593 2344 snntat
604 2309 683 2343 usses
692 2297 724 2344 ad
734 2292 848 2358 qnwibet
858 2308 896 2343 res
906 2295 1048 2355 preteritas.
1083 2293 1123 2342 lta
1135 2291 1265 2352 fastidiens

161 2356 260 2416 timidis
276 2357 379 2423 isteepit:
396 2361 431 2410 itu
449 2360 557 2410 derelicti
571 2365 626 2409 erest
637 2359 674 2408 illi
686 2359 788 2423 pristini
805 2359 859 2407 lecti
875 2357 977 2422 depressi
988 2357 1067 2419 bonni,
1077 2357 1264 2419 muniquegra·

625 2516 803 2538 emoneoue

164 2613 245 2664 Vind.
257 2621 286 2666 et
296 2614 357 2666 edd.
370 2617 536 2681 vulp—itte
546 2619 695 2668 nnnbimodas
704 2631 772 2668 corr.
782 2616 814 2667 P.
823 2618 849 2667 in
859 2621 911 2668 not.
922 2617 955 2667 V.
966 2630 1049 2678 marg.
1062 2619 1185 2665 1.-1406
1195 2629 1267 2676 esprs

166 2678 246 2730 Vind.
256 2681 291 2728 V.
303 2679 345 2729 ed.
358 2681 391 2731 0.
402 2681 472 2731 Mus.
490 2684 521 2734 B.
533 2687 557 2732 1.
571 2698 642 2733 rauco
655 2697 701 2746 pro
712 2697 769 2730 nnea
781 2682 814 2730 P.
832 2684 859 2730 iu
871 2689 926 2730 uot.
938 2680 1004 2730 Mus.
1016 2681 1047 2730 B.
1060 2685 1082 2729 l.
1094 2680 1267 2728 Vere-1408

166 2743 309 2795 munst).
331 2745 404 2794 Fert.
415 2746 463 2796 Tb.
476 2747 523 2796 lla.
537 2747 596 2797 Ald.
607 2749 638 2798 V.
654 2745 696 2796 ed.
712 2761 831 2796 umerum
841 2745 874 2794 P.
886 2745 913 2794 iu
923 2753 976 2794 not.
990 2751 1017 2793 et
1028 2744 1088 2793 edd.
1102 2744 1268 2807 suin—lton

166 2806 262 2868 Meiere
273 2809 305 2857 P.
313 2809 391 2859 Viud.
399 2810 432 2859 V.
442 2811 483 2860 ed.
497 2812 567 2862 Mus.
579 2811 610 2860 B.
627 2816 650 2861 1.
668 2815 693 2860 2.
708 2814 732 2860 0.
745 2811 817 2860 Ferr.
826 2810 874 2860 Tb.
884 2810 931 2860 Ra.
940 2808 1000 2858 Aid.
1012 2809 1129 2871 Majorern
1141 2807 1207 2870 vulg.
1218 2807 1269 2857 ast

165 2872 259 2922 csdisis
280 2873 341 2922 edd.
354 2875 521 2938 suin—ltro
538 2877 643 2940 sepiebat
658 2875 732 2925 deest
747 2873 815 2924 bide.
828 2875 860 2924 Β.
873 2878 996 2924 1.-1410
1012 2875 1061 2922 ullu
1071 2873 1103 2921 V.
1120 2886 1198 2936 marg.
1211 2875 1268 2919 1.-

168 2939 235 2987 1414
250 2937 339 2988 invitm
348 2939 384 2988 V.
399 2953 478 3003 mern.
489 2945 610 2990 l.-ltlt
627 2940 688 3004 cepit
700 2940 768 2990 Mus.
779 2939 810 2990 B.
825 2942 849 2988 t.
859 2939 935 2990 Ceut.
947 2939 1008 2988 sta.
1018 2953 1070 2989 sec.
1081 2937 1150 3000 cepit
1165 2937 1269 2999 vulg.-

557 3073 561 3080 ’
665 3101 775 3152 noun

167 3230 238 3282 euim
248 3229 359 3281 dormire
369 3232 509 3295 nequibunt
520 3231 590 3294 oiim,
602 3245 647 3282 eos
655 3244 700 3280 ve-
775 3232 839 3280 litt
857 3227 1106 3292 Posteriarfere,i5e.]
1124 3228 1159 3280 Η.
1169 3244 1193 3279 e.
1214 3228 1270 3280 iere

169 3309 216 3358 riis
233 3307 352 3357 cantibus
373 3315 401 3358 et
421 3307 528 3358 vocibus
549 3307 700 3358 soisbsutur
743 3307 838 3368 evenit,
848 3312 879 3356 ut
890 3321 931 3356 res
942 3306 1073 3370 posterior
1088 3305 1123 3355 sit
1134 3307 1235 3369 melior,
1244 3313 1273 3356 et

171 3390 286 3434 veteres.
743 3382 836 3448 perdat
858 3391 936 3446 etque
956 3397 988 3431 ex
1016 3380 1102 3432 nnimo
1122 3381 1211 3433 delent
1229 3397 1272 3433 res

206 3458 388 3524 rumesperc]
410 3459 514 3525 Suprs3
532 3459 654 3509 nimirum
674 3459 701 3509 iu
744 3459 868 3523 pristinos
876 3467 904 3508 et
911 3458 982 3523 prius
993 3465 1120 3522 repertas.

167 3535 298 3600 superiori
321 3544 396 3600 perte
423 3537 589 3587 calamorum.
620 3536 664 3585 Sic
684 3537 701 3586 i.
777 3539 840 3584 1414
856 3535 973 3598 lnrsntat,
981 3533 1226 3598 neumatprn'sttsn]
1238 3533 1273 3585 Η.

169 3627 211 3663 rr.
223 3615 281 3662 teo.
298 3611 436 3662 ubibicvs.
448 3612 548 3676 positus
560 3618 611 3661 est.
743 3628 766 3663 e.
788 3611 868 3662 facist
885 3619 914 3661 ut
932 3612 1044 3674 pristine
1062 3627 1171 3676 queque
1191 3613 1274 3661 minus

206 3692 274 3740 rete
301 3689 415 3738 anreris
433 3686 577 3754 [sennem]
605 3689 702 3738 Nume-
743 3687 1043 3752 gretesiutetjueuudn
1059 3687 1274 3752 sensibus,qunm

169 3779 268 3816 rurum.
743 3762 943 3814 euteufuernut.

205 3842 271 3890 1400
286 3839 392 3904 Μιῄονε]
420 3838 471 3888 stit
488 3840 702 3904 najarensnpp.
775 3844 838 3892 1410
856 3838 1064 3904 statuente]
1096 3840 1161 3889 Rem
1181 3835 1275 3887 contir-

170 3918 297 3968 iraetum.
743 3925 797 3966 met
808 3917 937 3980 exemplo,
948 3923 1026 3981 etque
1041 3914 1155 3966 ostendit
1163 3911 1277 3964 iuuentis

206 3999 271 4045 1410
287 3993 410 4059 δςὶυοεη
426 4009 501 4056 genes
520 3991 704 4058 terrigenarum]
744 3992 861 4059 frugibus
874 3995 961 4045 odium
977 3994 1080 4058 ginudls
1092 3993 1193 4056 cepisse
1208 4004 1276 4041 mor-

172 4071 300 4123 }{oruiues
317 4071 397 4136 prisci
419 4080 523 4121 eterra
546 4071 612 4133 uati,
631 4081 658 4121 et
677 4071 704 4122 in
748 4072 826 4120 ntes:
852 4071 963 4120 inventis
982 4069 1119 4120 textilibus
1137 4074 1164 4116 et
1183 4080 1277 4131 purpu-

172 4148 251 4212 splris
263 4147 373 4212 primum
383 4147 519 4210 degentes.
536 4148 578 4198 Sic
590 4151 706 4199 inlito.
747 4147 799 4197 reis
811 4145 924 4196 restibus
936 4145 1016 4209 pelles
1027 4143 1107 4194 suisne
1116 4144 1257 4196 contemtui
1268 4159 1276 4204 ς

175 4228 406 4290 interpretem.
419 4231 529 4288 etseqq.
747 4229 775 4272 et
785 4221 886 4270 similit.
