3050 4852
271 394 337 460 992
625 399 733 450 noun
758 394 958 446 vauronun
984 391 1024 440 ru

272 561 361 602 tamen
377 552 444 600 sicut
454 547 536 606 edidi,
547 547 598 610 legi
614 546 689 595 malo.
722 541 799 596 Quod
838 535 1055 598 emendantes
1066 527 1209 594 philosophi
1220 527 1264 576 vix
1275 525 1370 576 intelli·

272 638 358 680 autern
377 625 544 690 poprndroror
562 623 665 687 qnidam
689 621 740 682 legi
756 633 799 667 ro·
838 613 919 678 gunt?
953 613 1036 660 Extat
1047 605 1265 670 elegantissimum
1278 602 1372 664 poema

273 707 339 767 tant,
350 705 480 766 Propterea
490 701 546 764 puio
555 715 606 762 pun
616 698 674 747 allia
681 701 737 746 unt
744 709 800 758 por·
838 691 1027 750 Graecnm,quo
1041 686 1123 732 tector
1133 679 1287 730 admonetur
1299 677 1371 726 roin-

272 781 335 830 tilssr
343 785 422 838 nmio,
434 778 509 826 taleis
518 789 606 826 versus
616 770 799 823 sibihabaant:
839 766 908 816 mina
920 760 1047 814 Heracliti
1064 772 1097 808 ue
1114 764 1212 807 temera
1224 759 1353 802 attrectet
1364 767 1372 810 ;

272 853 464 907 Lucretiorero
473 850 627 915 politissimo
635 845 756 909 scriptori
767 859 801 894 ne
840 839 960 904 qnoniam
978 836 1063 901 primo
1079 832 1173 882 obtutu
1188 829 1325 878 offundant
1340 842 1370 876 se

273 930 405 993 affingant.
429 927 513 976 mot.
546 925 643 974 Malim.
666 921 801 984 Optirnea
840 917 865 964 ei
886 915 971 976 caligo
994 919 1022 961 ct
1045 909 1180 968 renebrae3
1201 919 1291 954 rerum
1309 903 1370 952 dein

275 1005 401 1056 Mmbino
414 1002 550 1051 restitutus
564 1000 605 1047 iric
618 999 689 1048 locus
701 1002 751 1052 est,
763 995 801 1043 iu·
840 1006 899 1042 cn·
913 1002 1014 1039 sensum
1034 982 1185 1050 perceperit
1201 979 1317 1028 inveniat
1333 978 1371 1027 lu·

273 1078 464 1131 vitisonrnilons
475 1077 541 1126 Mas.
556 1075 616 1125 Folo.
652 1071 802 1128 Qnoemultie
840 1081 899 1130 rnen
919 1065 974 1115 soie
996 1057 1168 1126 splendidius.
1200 1055 1369 1106 Graecnnicos

278 1165 351 1206 recte
363 1154 501 1204 Lambinus
511 1159 602 1201 contra
615 1164 704 1199 omnes
713 1147 802 1197 libros.
839 1140 981 1206 subscripsi
992 1151 1097 1188 verane:
1109 1134 1150 1192 Μὴ
1160 1131 1237 1195 ταχὺς
1247 1131 1370 1194 Ἡρακληί-

274 1232 358 1282 Codd.
393 1232 453 1285 Qnoe
463 1227 664 1279 aduneritiose.
675 1221 729 1273 Gis.
741 1223 802 1271 Par.
839 1213 1121 1278 roula'bppaldrsltas
1138 1208 1372 1270 flfflltoa't'odpeoioe.

275 1310 337 1366 Qua
348 1308 419 1358 elliu
435 1321 500 1370 qnos
509 1305 552 1370 qni
569 1303 696 1368 seqnitur,
707 1301 802 1349 Lucre·
838 1286 1223 1360 μύλοτοιδύσβατοι,ὰτραιιτός.
1234 1283 1374 1348 'oppelrxal

275 1387 340 1436 tinne
352 1392 380 1434 et
390 1397 495 1434 sensum
511 1392 673 1431 communem
691 1375 803 1426 deseret.
840 1371 925 1421 ordros
935 1367 1000 1418 toria
1010 1365 1155 1428 ἀλάμπετον.
1169 1363 1198 1422 ἡν
1206 1362 1233 1412 δέ
1243 1380 1271 1412 σε
1280 1361 1373 1424 μύστης

276 1462 374 1511 Creech.
840 1443 972 1510 Εἰσαγάηι,
993 1443 1095 1506 φανεροῦ
1116 1438 1255 1503 λαμπρότερ’
1281 1435 1372 1496 ἠελίου.

305 1543 354 1588 638
367 1537 423 1586 Non
432 1529 697 1599 posunteo]thaud.
709 1525 803 1577 holme.
840 1523 893 1573 Hic
904 1528 946 1572 cst
962 1521 1007 1570 illa
1026 1517 1184 1579 Heraclitus,
1199 1529 1276 1581 qnam
1291 1515 1372 1564 Plato

273 1627 325 1663 non
347 1617 456 1677 possunt
477 1607 583 1667 habere,
605 1606 665 1670 quie
680 1610 803 1652 concreta
840 1599 949 1662 Cratylo
960 1596 1055 1646 usserit
1072 1594 1203 1644 censuisse
1218 1597 1314 1642 crrncta
1325 1589 1373 1640 flu·

275 1687 532 1750 snut‚determinata‚
542 1681 699 1744 effectuae.
708 1679 803 1728 Itidem
840 1671 1123 1738 eresemper‚nilrilque
1132 1669 1287 1720 consirtere:
1301 1666 1374 1716 nude

275 1772 304 1814 nt
317 1763 423 1814 metalla
433 1775 461 1810 se
472 1760 568 1810 habent
579 1758 612 1806 ad
621 1755 735 1820 lapidem
742 1755 802 1818 clry-
839 1750 951 1802 fortasse
960 1749 1076 1800 manarit
1085 1747 1149 1798 illud
1160 1745 1274 1809 ejusdem
1283 1744 1374 1794 Plato·

274 1833 683 1901 nricunr,utrorant;auntcnim
694 1837 803 1882 mortua.
840 1829 881 1878 nis
897 1833 971 1878 sexto
986 1825 1137 1889 derepulrl·
1169 1823 1272 1873 ‘Multo
1287 1823 1372 1884 magis

276 1917 337 1968 fao.
840 1919 916 1970 quarn
932 1905 969 1954 sol
988 1902 1151 1953 Heraclitius
1164 1897 1371 1962 extinguuntur!

306 1997 353 2042 635
374 1986 507 2050 Genostor]
525 1986 548 2036 1.
557 1999 605 2036 aa
618 1987 711 2033 natura
723 1981 803 2031 admi·
840 1981 918 2032 addo
930 1980 998 2046 quod
1011 1981 1048 2030 ait
1059 1979 1225 2045 Symmachus
1237 1979 1263 2026 in
1274 1977 1374 2040 episto·

274 2070 435 2120 nistrantur:
448 2065 498 2121 vel,
511 2071 541 2113 nt
551 2060 705 2112 rideturlric
718 2059 803 2122 legen·
841 2059 888 2109 lis:
905 2057 1087 2108 ‘Heraclitum
1101 2055 1235 2120 physicum
1248 2065 1373 2102 summanr

275 2146 482 2208 (tormentantur,
493 2143 510 2192 i.
522 2157 544 2189 e.
558 2140 745 2203 gignrrntur,nt
756 2149 804 2184 sre-
841 2133 923 2184 landis
938 2133 1094 2184 arbitratum
1110 2145 1167 2180 case
1186 2131 1230 2180 uni
1250 2129 1373 2193 placere!

273 2235 308 2283 pe
320 2221 391 2269 atine
403 2218 485 2268 hond.
509 2215 663 2265 Lambinus:
674 2215 805 2273 caemar,
841 2212 1033 2276 Innrritqnoque
1041 2210 1096 2259 Cic.
1106 2209 1122 2258 l.
1131 2214 1192 2257 tert.
1201 2206 1275 2256 deN.
1289 2205 1371 2256 Deor.

272 2303 366 2346 contra
386 2303 490 2343 veteres
506 2291 595 2340 libros.
620 2287 673 2348 Gif.
707 2287 804 2335 Gener·
842 2283 1375 2353 igncmesseprincipiam,sie:‘Sedom-

275 2377 316 2420 tar
337 2369 486 2428 Lambinus,
513 2364 675 2424 (inurendus,
697 2375 804 2424 eamque
841 2366 884 2414 nia
904 2363 994 2426 vestri,
1011 2362 1204 2422 Balba‚solent
1220 2360 1252 2409 ad
1271 2361 1375 2424 igneam

274 2445 415 2495 lectionem
446 2446 538 2490 contra
561 2436 660 2489 Gifenti
680 2443 708 2486 et
727 2437 805 2485 Parei
842 2440 892 2490 eim
907 2439 1016 2502 referre,
1038 2438 1212 2498 Heraclitum,
1224 2444 1253 2486 nt
1271 2437 1375 2500 opinor,

279 2523 405 2587 strepitus
415 2536 452 2570 vs.
463 2525 520 2570 oto.
532 2517 613 2583 probe
632 2513 760 2576 defendit,
777 2520 805 2564 et
842 2523 995 2580 sequentes:
1012 2527 1088 2578 quem
1109 2515 1191 2578 ipsum
1215 2527 1265 2562 uon
1284 2527 1375 2562 ornnes

276 2605 375 2651 tuctur.
396 2595 491 2648 Graeci.
842 2593 1050 2656 interpretantur
1070 2605 1120 2639 nno
1138 2590 1231 2640 modo:
1249 2591 1291 2654 qui
1309 2603 1375 2653 quo-

307 2683 357 2729 neo
386 2674 547 2739 Quapropter]
575 2674 639 2724 Curn
663 2676 805 2721 tractatum
842 2669 912 2718 niam
935 2667 996 2732 qnid
1019 2666 1121 2716 diceret
1147 2665 1256 2728 intelligi
1281 2666 1376 2727 noluit,

275 2756 311 2805 sit
322 2753 501 2817 copiosissime
519 2751 647 2814 principia
663 2748 748 2812 prima
765 2761 805 2794 es·
843 2759 901 2794 enm
925 2741 1091 2793 omittamus?
1121 2743 1189 2791 Pius.
1228 2741 1303 2792 Nunc
1328 2741 1377 2789 ali-

275 2845 303 2880 se
321 2836 431 2890 aterna,
449 2826 626 2888 indivisibilia,
648 2823 805 2883 immobilia;
844 2827 908 2884 quot
925 2820 977 2868 srris
994 2817 1147 2878 rationibus,
1157 2833 1215 2882 qum
1234 2817 1377 2879 principio·

277 2921 333 2970 que
347 2917 432 2955 tamen
449 2918 558 2968 corpora
569 2907 666 2965 cogunt
684 2900 806 2951 habentia
844 2911 899 2946 reim
915 2897 995 2945 instar
1012 2903 1082 2955 sunt,
1094 2892 1264 2956 confirmatis„
1276 2906 1306 2941 ac
1323 2898 1378 2940 sta·

275 2983 361 3034 varios
380 2995 522 3042 connexus,
546 2979 673 3044 pondera,
698 2991 805 3026 concur·
845 2969 1308 3034 bilitis,incipital’torum,aorurnque
1321 2969 1376 3017 cla·

275 3074 328 3122 sus,
355 3067 455 3118 motus;
482 3071 529 3121 per
549 3071 613 3121 quas
635 3070 677 3104 res
695 3067 805 3118 quaeque
843 3043 949 3108 rionrnr,
964 3045 1173 3108 philosophorum
1189 3043 1323 3107 opiniones
1336 3057 1380 3092 re·

277 3142 416 3200 gerentum
434 3134 470 3183 illi
492 3134 602 3182 maxime
618 3131 744 3182 falluntur
763 3129 806 3194 qni
843 3123 943 3184 fellere,
952 3137 982 3171 ac
994 3118 1172 3170 labefactare:
1189 3127 1267 3184 atque
1276 3120 1309 3169 ab
1322 3121 1380 3174 lde-

274 3211 430 3276 principium
441 3223 526 3258 rernm
535 3209 647 3258 omnium
656 3208 739 3270 ignem
748 3219 806 3255 ease
844 3199 937 3250 rsclito
949 3197 1048 3246 initium
1060 3195 1140 3246 tacit:
1157 3196 1202 3260 qni
1218 3195 1322 3245 dicebat
1334 3196 1381 3259 (nt

276 3293 415 3350 putarunt:
432 3286 506 3348 cujus
516 3283 642 3348 opinionis
651 3291 678 3332 et
687 3282 807 3345 princepe
843 3275 936 3326 acribit
956 3271 1086 3336 Latrone)
1096 3271 1175 3321 edera
1186 3273 1212 3320 ia
1223 3271 1293 3334 rupis
1310 3289 1381 3320 owe-

276 3372 304 3414 ct
326 3371 416 3412 auctor
436 3359 546 3410 habetur
572 3357 735 3407 Heraclitus:
761 3355 805 3404 sed
845 3347 1380 3413 oroeandeuwnmtooteoenwtetm,

275 3440 389 3490 fallitur:
408 3438 477 3504 qnod
491 3435 691 3486 evidentissimis
703 3431 806 3482 rationi·
844 3427 960 3492 ἀραιώσει,
970 3428 1009 3476 ael
1023 3425 1138 3476 πυκνώσει
1153 3425 1271 3488 pancas,
1282 3426 1333 3488 laia
1349 3426 1382 3474 τὰ

276 3516 324 3564 lrrrs
354 3511 582 3564 demonstrabitur.
617 3509 692 3560 erod
722 3515 806 3557 aretem
844 3501 1382 3566 contemmitiaoowuaaolpnorrornp

277 3591 427 3640 Heraclitus
436 3591 520 3653 ignem
526 3585 665 3637 crediderit
673 3598 728 3635 esse
738 3583 807 3646 prin·
845 3582 1017 3647 lenocinentur
1027 3582 1066 3632 acl
1077 3580 1135 3644 ἀέρα
1143 3580 1255 3641 γίνεσθαι·
1267 3577 1384 3628 συνιστά-

277 3667 373 3730 cipium
395 3680 481 3715 rerum
504 3665 584 3714 docet
608 3660 759 3710 Macrobius
781 3665 808 3708 et
843 3679 913 3722 μενον
923 3659 980 3724 ἀέρι
989 3662 1094 3722 γίνεσθαι
1108 3658 1174 3722 ὕδωρ·
1187 3656 1336 3719 πηγνύμενον
1352 3657 1382 3704 ro

278 3758 366 3794 ornnes
386 3744 490 3792 eruditi»
508 3741 550 3790 hic
570 3746 612 3790 eat
630 3739 673 3788 illc
689 3737 807 3788 Heracli·
845 3737 911 3802 ὕδωρ,
929 3738 961 3788 eir
972 3741 1019 3800 γῆν
1031 3733 1162 3800 τρέπεσθαι,
1173 3734 1213 3784 rai
1224 3733 1312 3791 ταὼ-ην
1324 3733 1382 3782 ὁδὸν

277 3827 329 3882 tas,
353 3820 395 3882 qrri
414 3818 528 3868 tenebris
544 3813 696 3881 quibusdem
718 3827 807 3864 sensns
844 3812 884 3861 lsi
900 3812 928 3861 rt
945 3811 1007 3863 atro
1028 3811 1092 3862 elsae·
1109 3809 1181 3860 πάλιν
1196 3809 1314 3868 caedria
1333 3810 1382 3868 rip

277 3909 337 3947 snos
349 3895 486 3955 diligenter
497 3893 621 3941 involvit:
640 3891 684 3956 qrri
699 3899 807 3954 propter
844 3891 891 3950 piro
900 3892 1002 3951 χεῖσθαι,
1011 3890 1034 3950 it
1044 3886 1072 3945 ἧς
1082 3888 1112 3936 rl
1125 3887 1301 3952 neppoeeoo·
1312 3887 1342 3936 ἐκ
1353 3886 1381 3936 δὲ

277 3973 464 4024 obscuritatem
482 3969 601 4018 desertus
613 3976 667 4017 est:
685 3965 719 4016 ob
731 3982 807 4030 quarn
843 3963 929 4014 reiron
938 3965 1049 4014 rtnnrl
1059 3963 1197 4027 opplent-r.
1209 3962 1298 4022 ahud
1312 3963 1382 4012 ἐστὶν

277 4049 414 4114 caliginem
428 4043 556 4107 σκύτεινος,
568 4046 617 4094 hoc
627 4051 669 4092 est
679 4043 807 4093 tenebrico·
845 4039 918 4100 ὴᾶνω
932 4041 993 4103 oros,
1005 4043 1020 4090 i.
1033 4042 1072 4088 e.‘
1084 4041 1180 4089 Omnia
1196 4054 1229 4088 ex
1247 4040 1305 4102 igne
1316 4053 1381 4086 con-

276 4143 316 4178 eus
326 4133 367 4176 est
377 4125 463 4174 dictus
475 4139 490 4171 a
501 4121 620 4171 Graecis:
638 4119 732 4182 dequo
745 4118 807 4167 Hie·
844 4125 923 4178 stare,
933 4126 961 4166 et
974 4119 1000 4165 in
1017 4117 1101 4180 ignem
1121 4115 1222 4164 resolvi.
1255 4115 1318 4164 Cum
1333 4129 1382 4162 ars·

278 4219 398 4267 ronynnrs
418 4202 501 4266 primo
519 4205 611 4249 contre
623 4195 805 4250 Joriuianum:
847 4201 898 4244 tarn
917 4195 1002 4244 omnia
1022 4192 1210 4253 rarefactione‚
1221 4199 1249 4241 et
1265 4190 1382 4240 conden-

245 4315 247 4319 -
273 4270 808 4342 ⁶Heraclitumquoqnecognonnnrooeo-
845 4271 945 4322 satione
965 4268 1128 4334 fienr,flnera
1142 4283 1234 4334 magna
1252 4283 1283 4317 ex
1302 4274 1380 4332 parte
