3128 4858
243 365 309 433 854
565 373 703 426 ιιιιιιιιι
727 371 1020 424 ιιιιιιιιιιιιιιιειο

239 535 274 586 Ut
284 549 338 584 rero
349 535 462 600 septimae
470 535 572 585 instalfat
583 535 643 593 dies,
653 533 812 585 collocabatur
821 548 835 580 s
845 531 989 582 necessariis.
1005 535 1026 564 ¹¹
1036 530 1149 579 Beatnlns
1167 527 1216 578 alto
1233 527 1341 597 compes

239 617 298 664 citus
309 617 516 681 lecto,craseisque
532 617 619 665 lutatus
638 615 752 672 amomis,'
769 621 803 671 et,
822 613 886 677 quod
904 628 952 660 non
972 611 1022 658 sine
1041 611 1162 674 mysterio,
1181 616 1190 640 ⁴
1200 610 1230 658 ln
1247 619 1341 675 portans

237 696 326 760 rigidos
336 697 413 746 calcea
420 696 544 746 extendit!
575 697 614 744 Ite
623 697 686 745 enim
703 695 888 760 lcomponuntar
895 692 980 741 mortni
988 693 1018 739 ed
1029 690 1208 755 significandam
1218 707 1342 756 nunquam

238 776 326 825 deinde
336 777 367 825 ad
377 778 471 826 domurn
483 791 628 826 reversuros:
652 783 688 826 sat
702 777 764 825 bene
775 776 824 832 ille,
842 775 884 822 sed
895 773 1026 838 elegantius
1044 778 1131 819 noster.
1163 769 1226 820 Nam
1240 773 1285 820 ritu
1295 787 1340 821 rse-

198 837 201 844 !
239 863 297 904 teras
305 856 394 920 ‘capite
404 857 521 906 hominem
531 857 596 922 gigni
606 874 657 907 moe
669 864 715 916 est,
727 855 827 922 podibus
837 855 922 903 efferri.
953 853 986 901 Et
993 867 1049 901 vero
1057 851 1223 900 collocetionee
1239 851 1341 902 tidetreo

239 936 337 994 debant,
353 945 381 985 ut
396 945 527 987 cemeretnr
545 947 658 995 mortuus,
669 953 745 1003 ecqua
755 936 823 986 einis
834 935 913 984 allate.
946 933 1089 997 indulgebat
1099 939 1177 980 meren
1196 933 1232 981 les
1250 933 1340 988 Attica,

240 1022 267 1062 at
278 1023 381 1065 monens
391 1018 544 1066 collocaretur
555 1019 580 1065 in
607 1017 707 1066 ‘edibus
716 1017 747 1066 ad
759 1015 858 1065 libitum.
891 1014 981 1062 Funera
993 1011 1178 1076 frequentissime
1188 1011 1341 1062 nibilominus

243 1097 391 1159 ponebantur
408 1099 435 1145 in
455 1097 588 1156 froetibnlo,
614 1099 714 1162 pedibus
733 1099 763 1147 ad
777 1097 876 1161 jarruam
894 1095 982 1142 versia:
1005 1095 1113 1157 quimus
1131 1100 1156 1140 et
1174 1094 1341 1142 noeniehodle

241 1174 369 1224 familiaris.
402 1174 500 1225 Utinam
518 1177 685 1226 abstinuissent
705 1193 720 1226 a
738 1175 839 1224 ridicule
859 1175 964 1222 veniere
974 1173 1086 1236 abigendi
1111 1179 1222 1227 tmuecas,
1234 1170 1343 1218 officiosas

240 1253 347 1304 Thetidis
368 1256 460 1305 redacti
476 1257 557 1306 forsan
579 1259 695 1322 exemplo.
728 1255 842 1305 Meminit
858 1262 970 1318 preterea
990 1253 1109 1302 ¹¹Socrates
1135 1253 1198 1316 apud
1216 1250 1341 1298 Platonem

241 1331 345 1398 antiquas
357 1337 415 1400 legis
431 1335 520 1386 Attice
535 1338 597 1387 circs
613 1337 712 1386 Inferias
722 1344 827 1393 serretae,
839 1342 923 1383 utnon
942 1334 1006 1399 prius
1017 1333 1137 1384 efferretur
1154 1333 1342 1394 caderer,quare

241 1413 493 1480 hestiasjugnlaasent,
504 1417 528 1464 in
539 1417 654 1473 defuncti,
670 1427 697 1464 ut
708 1433 766 1473 reor,
777 1415 943 1478 expiationem.
975 1414 1008 1462 Et
1022 1414 1135 1477 quoniam
1152 1412 1183 1459 de
1196 1410 1286 1474 legibus
1304 1410 1341 1456 ln·

243 1492 303 1540 cidit
320 1509 403 1552 sermo,
420 1497 485 1544 haud
501 1497 608 1544 differam
625 1495 721 1560 Hippie
731 1496 837 1560 Tyranni
852 1495 996 1544 sanctionem
1016 1495 1154 1558 producere,
1173 1507 1220 1556 qua
1233 1489 1343 1554 jubebit,

240 1573 356 1623 referente
373 1574 515 1633 ¹Aristetele,
535 1583 563 1623 nt
578 1575 692 1623 sacerdoti
708 1577 832 1631 Minerrte,
848 1587 903 1638 que
920 1582 957 1622 est
971 1573 1069 1630 insrce,
1080 1575 1104 1620 in
1127 1571 1230 1635 singulos
1240 1577 1344 1618 mortuos

242 1650 393 1701 duoslrordei
403 1655 522 1712 sextarios,
531 1654 630 1704 totidem
639 1655 757 1711 frumenti,
768 1653 872 1718 itemque
880 1653 975 1701 obolum
987 1654 1125 1718 penderent.
1151 1651 1196 1699 ille
1206 1649 1344 1712 explebatur

244 1731 385 1780 domesticus
402 1734 487 1791 luctae,
503 1735 625 1798 primique
640 1733 730 1782 funeris
747 1749 810 1797 perr,
827 1733 866 1781 cui
881 1733 1023 1784 comedebat
1039 1735 1202 1781 incunctanter
1223 1727 1345 1777 etaltera.

242 1806 399 1860 Antelucenis
409 1813 480 1872 horis,
495 1829 525 1862 ex
548 1811 653 1862 kSolonis
663 1813 724 1876 lege,
742 1828 784 1860 seu
795 1811 909 1860 Deruetrii
929 1811 1046 1869 Phalerei,
1056 1812 1120 1875 quod
1138 1809 1227 1874 placuit
1250 1807 1344 1864 rl'ullio,

244 1891 371 1952 presertim
401 1893 423 1940 si
448 1901 522 1942 morte
538 1893 662 1942 immatura
683 1893 735 1957 quie
753 1893 836 1942 fnisset
862 1901 980 1957 peremtus
1003 1893 1166 1956 ι’(ἪΜΕΡΑΞ
1184 1889 1346 1949 ‘malm

244 1968 315 2018 'diei
325 1973 434 2035 reptnm,’
444 1974 542 2030 scilicet,
557 1973 718 2038 appellebant,
729 1981 840 2037 tanquam
858 1988 906 2020 non
921 1973 1057 2036 expirasset,
1072 1973 1114 2020 sed
1133 1969 1218 2018 erueris
1227 1967 1345 2016 desiderio

245 2057 327 2112 uptus
345 2060 416 2110 esset,
431 2051 469 2101 vel
480 2055 546 2118 quasi
564 2053 735 2102 intolerandum
754 2061 816 2102 esset
831 2054 903 2101 eelern
916 2051 1051 2116 hujusmodi
1060 2053 1145 2098 melum
1155 2050 1251 2106 intueri,
1261 2049 1346 2097 dictust

244 2124 297 2177 ilice
304 2130 367 2180 diem
378 2135 506 2198 rapuisse,)
517 2135 655 2183 efferebatur
673 2134 806 2190 defunctus,
827 2133 898 2196 longo
917 2132 999 2179 ordine
1021 2131 1210 2194 precedentibus
1230 2128 1343 2185 statibus,

245 2222 342 2270 quarum
361 2212 452 2276 fulgore
469 2214 653 2262 discutiebantur
673 2215 791 2262 tenebre:
808 2229 942 2277 quenquam
962 2214 1040 2259 ⁰lsasm
1059 2213 1084 2259 in
1103 2209 1216 2259 funereri
1229 2215 1346 2272 peremto·

246 2303 297 2336 mm
316 2291 488 2353 praeferebatur.
521 2291 699 2342 comimbrnsur
717 2293 844 2341 raucisonus
866 2295 953 2350 utute,
972 2293 1098 2357 presertim
1116 2291 1137 2339 ei
1158 2291 1193 2338 rir
1217 2288 1346 2347 militatis,

246 2368 325 2432 deque
341 2368 477 2434 Republica
493 2373 582 2436 optime
602 2373 705 2431 meritus,
715 2381 741 2422 et
755 2374 864 2438 'publico
880 2381 966 2430 sumtu,
985 2374 1050 2436 qnod
1060 2379 1109 2420 erat
1119 2372 1144 2419 in
1154 2387 1226 2428 more,
1237 2369 1347 2434 sepelire·

246 2453 292 2504 tur,
307 2448 392 2513 hisque
412 2453 585 2501 convocabatur
600 2455 710 2518 populus.
747 2453 912 2503 succedebant
938 2455 1089 2516 tropaeum,
1110 2454 1155 2502 hoc
1175 2461 1220 2510 est,
1244 2451 1348 2500 siticinee

246 2526 355 2578 indentes
366 2529 474 2580 funebres
484 2532 562 2590 tibist,
572 2547 631 2597 quas
653 2533 767 2599 lympfm
783 2533 862 2584 Greci
872 2543 978 2582 mutuate
986 2549 1045 2582 voce
1055 2549 1070 2582 a
1081 2534 1231 2582 Phenicibns
1246 2531 1349 2585 'dinem

248 2607 422 2659 lamentabilem
437 2628 520 2661 sonum
539 2614 618 2678 Lydio
639 2617 723 2664 ²‘modo
739 2615 902 2680 exprimentes,
920 2615 1095 2664 incitamentum
1116 2615 1221 2678 profecto
1240 2611 1347 2660 mercede

248 2690 414 2739 conductarum
427 2693 548 2742 mulierum
556 2697 586 2743 ad
596 2703 710 2745 mennam
717 2697 861 2754 deflendum,
872 2713 925 2760 que
942 2694 1067 2758 ’σοφισταὶ
1084 2695 1172 2758 θρήνων
1179 2693 1346 2756 Gtaecitslffll*
1390 2748 1394 2755 ,

246 2768 411 2820 'emendices
420 2773 536 2836 planctus,
547 2783 572 2823 et
583 2776 714 2840 Principes,
724 2791 773 2826 non
784 2776 886 2836 doloris3
902 2773 1025 2833 Romania
1046 2775 1170 2824 *Proefcm
1202 2774 1291 2821 Harum
1299 2772 1348 2820 Co·

250 2849 347 2914 ryphssa
365 2849 536 2918 b'renarterpe
544 2871 560 2903 e
569 2857 684 2904 cantionis
692 2871 785 2921 genere,
796 2857 861 2920 qnod
872 2855 979 2916 ’ἰήλεμον
988 2855 1025 2904 rel
1039 2855 1149 2916 'linteos
1157 2855 1248 2904 eGreci
1259 2855 1351 2912 dixere,

745 3087 854 3140 NOTAE

286 3225 298 3253 ¹
308 3219 373 3272 Pers.
383 3220 453 3271 Setir.
465 3239 507 3275 ιιι.
526 3226 597 3279 Hom.
614 3229 644 3281 11.
655 3236 683 3279 li.
852 3231 962 3282 s'l'ertul.
974 3234 1004 3280 de
1016 3231 1102 3282 Ceron.
1113 3231 1225 3282 Militum.

285 3283 386 3334 bSclrcl.
395 3285 465 3336 Hom.
476 3288 501 3334 in
513 3289 582 3342 lliad.
853 3303 864 3328 ¹
878 3296 988 3360 Tlsucyd.
1000 3297 1016 3346 Ι.
1025 3313 1054 3343 ιι.
1073 3294 1146 3360 Diog.
1155 3297 1233 3348 laist.
1243 3297 1260 3347 Ι.
1273 3313 1311 3350 rx.
1321 3298 1345 3345 in

286 3355 298 3381 e
309 3347 372 3399 Plin.
382 3349 399 3398 l.
409 3365 457 3399 ιιι.
468 3367 491 3402 c.
500 3351 525 3402 Β.
822 3360 935 3410 Democr.

285 3411 357 3461 ⁴¹Jul.
369 3413 453 3462 Pollux
464 3415 481 3466 l.
493 3432 552 3468 vxrr.
853 3423 927 3473 'Gal
939 3423 979 3472 lib.
993 3439 1031 3473 rx.
1043 3425 1074 3472 de
1089 3423 1183 3490 Sympt.
1194 3441 1248 3474 ceu·

285 3475 430 3529 οΠειιοιιῑι.
440 3479 464 3528 in
475 3481 638 3534 Macartetum.
858 3487 1017 3552 ‘Hesychius

287 3537 450 3604 ‘Hesychiun
853 3551 986 3601 'Athene
993 3557 1017 3603 t.
1030 3550 1195 3617 Deipnosoph.
1206 3553 1313 3602 Erutatis.
1323 3553 1348 3602 irs

286 3603 379 3654 tlliad.
389 3605 450 3657 vrrr.
821 3615 893 3664 llorn.
904 3615 934 3662 tl.
946 3619 974 3667 Ξ.

286 3665 299 3701 ¹¹
310 3667 338 3714 In
349 3669 444 3720 Minoi.
853 3683 865 3714 ¹
877 3679 1010 3730 Aristoxen.
1021 3680 1045 3726 in
1058 3695 1076 3728 ι.
1086 3680 1196 3738 Murice,
1204 3697 1233 3730 ex
1243 3681 1333 3731 Plutar.

286 3729 431 3782 ¹OEconom.
852 3743 1319 3795 raucianaetuctuffllasoinurinee.

288 3791 300 3828 ¹¹
311 3795 436 3848 Demosth.
447 3798 472 3846 in
482 3797 549 3851 ons.
854 3808 965 3856 'Servius
978 3822 1016 3857 rx.
1030 3809 1126 3856 AEneid.

288 3857 295 3891 ¹
306 3875 337 3907 ιι.
347 3861 378 3908 de
388 3861 445 3926 leg.
853 3877 866 3904 ⁸
877 3871 965 3920 Festus.
973 3871 1077 3920 Lucilius
1088 3872 1156 3921 Satir.
1164 3888 1233 3924 ιιιιιι.
1240 3873 1318 3922 Pinut.
1326 3873 1351 3921 in

289 3929 307 3957 ¹²
318 3923 425 3976 Eustath.
438 3925 517 3991 Odys.
526 3926 556 3977 E.
822 3932 953 3992 Frivonria,
982 3937 1007 3982 in
1026 3936 1177 3987 Truculento.
1203 3937 1301 3987 Nerine
1326 3939 1351 3986 'tn

289 3987 479 4039 nPlutanseni
487 3991 519 4041 R.
529 3993 558 4043 P.
570 3993 720 4058 Meleager..
823 3998 890 4051 freto.
1308 4019 1310 4024 '

289 4059 301 4085 ⁰
311 4054 336 4102 J.
348 4053 432 4102 Pollux
443 4056 459 4104 l,
473 4071 531 4106 rrrr.
541 4073 563 4108 e.
572 4063 597 4108 7.
854 4063 867 4098 l
877 4064 1019 4127 Hesychius.
1028 4063 1119 4112 suidas.

290 4123 304 4158 Ρ
314 4117 425 4182 Hyginus
444 4135 465 4170 c.
483 4125 539 4172 174.
556 4123 677 4175 Scholiast.
688 4126 786 4177 Theocr.
856 4136 866 4160 θ
878 4128 990 4191 Apellen.
1001 4129 1028 4176 1,
1038 4127 1122 4176 Suitlas
1132 4129 1157 4176 in
1167 4129 1196 4178 Τ.
