2962 4860
243 385 310 450 llil)
618 399 651 445 τ.
675 397 851 454 uuoenrn
876 395 965 446 oser

242 541 405 625 Tempore
417 538 535 604 eodem
550 537 644 603 eliud
658 545 801 622 nequest
814 539 1013 602 subcurrere
1027 537 1116 604 lunoe

245 643 390 726 Corpus,
403 642 458 705 vel
472 660 597 724 supera
611 641 693 704 solis
714 640 882 722 perlabier
897 640 1023 716 orbem,
1275 638 1340 704 765

246 743 345 824 Quod
361 743 472 806 radios
487 743 714 823 interrumpat,
729 741 908 824 lumenque
924 739 1123 822 pmfusnml

286 844 330 908 Et
343 850 465 920 tamen,
478 842 555 926 ipsa
569 861 632 907 sno
648 842 677 906 si
691 841 798 924 fulget
812 841 891 906 luna
904 843 1022 918 nitore,

245 946 342 1026 Qunr
355 949 500 1028 nequeat
514 951 605 1010 certe
618 944 736 1008 mundi
749 943 965 1026 languescere
984 947 1088 1026 parte,

245 1048 336 1112 Dum
351 1047 439 1123 loce,
454 1045 637 1110 luminibus
652 1045 796 1128 propriis
810 1043 958 1120 inimice,
974 1063 1033 1127 per
1047 1043 1144 1108 exiti

290 1147 393 1227 Quod
409 1153 586 1230 superest,
601 1145 771 1230 qnoniam,
786 1144 896 1226 magni
911 1163 972 1227 per
985 1144 1113 1209 caerula
1124 1141 1242 1208 mnndi
1273 1143 1340 1207 776

245 1247 324 1328 Qun
337 1248 409 1312 lieri
424 1247 587 1332 quidquid
603 1251 720 1330 posset
734 1245 875 1322 ratione,
895 1244 1039 1328 resolvi;

245 1350 336 1416 Solis
351 1351 422 1415 utei
437 1351 548 1416 sorios
562 1365 692 1425 cursus,
706 1344 863 1429 lnnaeqne
875 1351 1019 1422 meatus,

248 1449 401 1518 Noscere
415 1469 604 1535 possemus,
618 1467 696 1534 qnae
710 1448 974 1526 usercenses,
989 1446 1108 1512 cieret:

243 1647 316 1710 possit
333 1649 452 1697 succedere
462 1647 488 1696 ir
498 1649 574 1696 beses
584 1648 661 1698 lena:
677 1649 714 1697 eei
721 1646 866 1710 perirensire
877 1660 948 1708 seper
955 1644 1050 1707 globum
1060 1643 1126 1706 selis,
1136 1645 1196 1708 esse
1205 1644 1341 1707 islepelirt

242 1712 387 1773 splendorem
407 1716 431 1760 el
446 1711 519 1760 lucem
537 1712 599 1761 eolis
619 1709 738 1775 efferam?
769 1712 804 1759 Er
818 1716 897 1760 lamere
907 1712 929 1759 si
939 1710 994 1758 lene
1005 1711 1066 1759 isreel
1075 1711 1127 1770 ipse
1135 1709 1233 1774 proprie
1243 1709 1340 1766 lenires.

244 1835 352 1886 ....
467 1773 1341 1902 enumeres

241 1915 285 1964 per
293 1873 391 1951 coerelee
398 1904 456 1952 loce
465 1904 517 1977 eceli
526 1874 645 1966 immensi:
651 1907 677 1951 ul
688 1916 804 1964 ponemus
814 1916 949 1964 cognoscere
956 1903 1060 1976 diuersos¹
1070 1907 1145 1950 moles
1154 1906 1178 1950 et
1189 1903 1240 1949 ries
1250 1901 1340 1975 ssb’sse

243 1965 313 2029 hee,
322 1971 346 2016 el
355 1983 405 2030 que
415 1971 521 2030 poterim
532 1981 622 2032 qnseve
638 1981 709 2018 resse
718 1970 820 2016 moveret
831 1965 905 2015 illos:
923 1971 947 2015 el
956 1981 1002 2030 qus
1011 1969 1103 2016 mirere
1118 1969 1266 2014 emeseni
1280 1979 1341 2014 sors-

698 2091 882 2114 mm*

242 2189 422 2252 emperelilim
433 2189 500 2238 Mus.
513 2191 544 2239 Β.
555 2194 579 2240 2.
590 2191 664 2239 semi
674 2191 790 2241 0.-766
806 2205 877 2254 supro
888 2189 966 2240 vind.
974 2190 1007 2239 V.
1018 2188 1060 2238 etl.
1072 2187 1106 2236 0.
1119 2187 1188 2236 llius.
1199 2185 1233 2236 B.
1245 2189 1268 2236 1.
1279 2189 1303 2235 2
1314 2191 1340 2236 1.

244 2253 319 2302 Cant.
331 2253 511 2301 Ferm'llulls.
523 2268 608 2316 sepau
619 2256 685 2316 vulg.
695 2256 827 2317 perlabitur
841 2257 909 2304 Mus.
928 2255 958 2304 Β.
977 2256 1082 2302 7.-766
1098 2251 1251 2314 interrumpis
1268 2249 1341 2300 Ferr.

240 2320 323 2365 -767
335 2316 413 2377 fulgis
425 2317 501 2365 Voss.
522 2318 549 2366 L.
567 2317 599 2366 B.
618 2327 645 2366 el
662 2318 722 2366 edd.
738 2321 888 2384 vulg-768
906 2320 975 2375 errr
991 2317 1060 2366 Mne.
1079 2317 1111 2365 Β.
1130 2321 1154 2365 7.
1174 2320 1237 2364 lem
1257 2315 1342 2364 mai

243 2379 344 2442 Grypo.
358 2379 438 2428 Nsrd.
449 2381 510 2428 Bes.
522 2385 585 2429 terre
595 2384 676 2430 merli
688 2384 722 2431 V.
738 2383 780 2434 ed.
798 2382 874 2432 Bodl.
890 2383 924 2432 0.
935 2383 1005 2432 Mus.
1021 2382 1053 2430 Β.
1069 2385 1093 2430 7.
1107 2380 1179 2428 Ferr.
1191 2379 1237 2428 lli.
1256 2378 1340 2428 lle.-

240 2447 290 2492 767
305 2445 417 2492 inienio
428 2444 496 2493 Mus.
508 2445 538 2494 Β.
548 2449 573 2494 7.
583 2459 626 2506 per
635 2447 685 2494 eeil
697 2447 730 2495 P.
742 2448 816 2496 Voss.
828 2455 880 2496 vet.
892 2454 920 2496 et
931 2448 960 2496 1..
971 2447 1004 2494 Β.
1017 2444 1051 2494 0.
1064 2446 1132 2494 Mus.
1146 2445 1177 2494 Β.
1188 2447 1212 2492 2.
1224 2447 1249 2494 6.
1261 2443 1339 2492 Csnl.

244 2507 318 2554 Ferr.
331 2506 391 2555 Aul.
400 2512 510 2570 pererret
520 2512 560 2556 rel
571 2516 685 2572 peragrat
696 2511 808 2574 quidem.
818 2513 923 2574 perrexit
934 2509 1011 2560 Vind.
1044 2509 1137 2558 evexit
1147 2508 1181 2555 V.
1201 2507 1244 2556 erl.
1262 2505 1341 2558 noel.

241 2570 290 2618 Tu.
303 2571 352 2619 lle.
367 2571 470 2634 perussit
481 2573 549 2620 Mus.
563 2573 592 2622 Β.
605 2579 627 2622 1.
653 2575 766 2640 Deinde,
782 2577 808 2624 in
825 2575 858 2625 P.
867 2576 901 2623 V.
921 2573 962 2623 ed.
979 2573 1012 2621 0.
1059 2587 1095 2621 ιιι.
1106 2571 1138 2621 Β.
1152 2575 1175 2621 l.
1187 2574 1211 2619 i.
1222 2574 1246 2620 6.
1262 2571 1339 2621 Csnl.

241 2633 369 2698 repetitur
382 2650 418 2684 ιι.
430 2637 569 2688 loe-772
586 2637 665 2688 verius
674 2639 707 2690 V.
719 2639 762 2691 ed.
774 2641 820 2688 Th.
834 2639 964 2690 lin-lli
981 2639 1046 2690 mollo
1060 2640 1152 2701 possm
1171 2636 1205 2685 0.
1224 2635 1296 2684 Ferr.
1304 2635 1339 2683 V.

735 2763 841 2818 NO'l'AE

241 2856 338 2907 lebitnr
346 2857 460 2908 ultimum
471 2859 615 2910 umiferum
626 2868 703 2912 terrae
712 2877 769 2925 per-
810 2869 851 2912 est
862 2877 901 2911 ιι.
911 2867 970 2912 766.
1001 2863 1067 2912 Sunt
1078 2861 1121 2927 qui
1136 2868 1194 2925 post
1204 2861 1272 2911 hene
1284 2873 1340 2911 rer·

241 2941 302 2983 lem.
335 2933 444 2983 Quidem
455 2948 503 2996 per
517 2949 609 2985 conum
621 2937 770 3001 intelligunt
810 2952 865 2987 sum
877 2936 993 2987 referunt
1004 2945 1153 3002 seqrrenlem
1171 2938 1258 2998 elium,
1268 2937 1340 2986 Men·

164 3073 166 3079 Ι
241 3015 346 3070 terrem,
357 3010 472 3072 qrsasisit
482 3011 611 3074 remens,
621 3027 677 3062 cum
688 3013 768 3065 Arist.
808 3019 875 3063 elren
893 3017 949 3062 elem
967 3014 1061 3074 rigidus
1077 3015 1129 3063 coni
1142 3013 1273 3076 salebim
1288 3028 1339 3062 sser-

240 3083 286 3133 lilr.
299 3097 330 3134 ιι.
354 3086 465 3136 Meleor.
487 3087 559 3138 diest
576 3102 635 3138 esse
654 3091 770 3154 tympani
808 3091 869 3142 ires.
903 3093 999 3141 Verum
1008 3091 1341 3150 nrrlleretloridetnresee',

240 3159 332 3224 ligures,
342 3170 370 3211 et
385 3163 466 3214 linens
478 3165 512 3214 sb
529 3165 586 3229 ejus
603 3173 693 3216 centro
705 3165 766 3216 due·
807 3181 854 3216 eur
866 3168 975 3215 iteretur
984 3166 1033 3217 hoe
1045 3168 1129 3216 elieno
1141 3167 1207 3216 loeo.

242 3243 281 3286 ιιι
292 3235 395 3286 efficere
414 3237 478 3287 duos
489 3253 576 3290 conos.
608 3241 767 3304 Vernmsig·
838 3245 887 3291 776
905 3242 974 3297 Quod
994 3257 1064 3305 seper
1084 3247 1129 3304 ssi,
1147 3243 1265 3304 quesisse,
1285 3240 1339 3304 lm]

240 3309 330 3360 nllient
349 3311 427 3373 psile
444 3314 558 3363 lunerem
577 3315 693 3378 eclipsim
710 3316 767 3366 lieri
807 3316 857 3366 His
872 3321 912 3365 11.
933 3331 983 3366 ιιι.
1001 3317 1074 3380 queri
1092 3315 1164 3364 brevi
1179 3317 1281 3380 epilogo
1298 3330 1339 3364 re·

240 3385 275 3436 ob
286 3383 452 3434 caniformem
464 3395 541 3437 terrie
551 3388 677 3441 umbram.
807 3393 885 3441 sumit
903 3407 944 3450 es,
964 3407 1021 3456 quae
1042 3393 1167 3442 lreelenns
1184 3392 1218 3440 de
1237 3391 1336 3444 coelesll

271 3464 320 3511 761
336 3459 489 3524 Seleurreru]
507 3463 661 3526 Succedere,
676 3465 767 3514 subter
807 3468 912 3531 legione
923 3469 1141 3532 disputaturum
1155 3467 1250 3517 deinde
1268 3468 1339 3517 redit

239 3535 287 3584 ire·
807 3542 840 3590 sd
861 3543 961 3592 initium
986 3543 1085 3604 msrndi,
1114 3551 1142 3592 ul
1163 3543 1257 3591 doceat
1276 3542 1339 3604 quid

272 3615 319 3660 766
340 3612 419 3673 Supra
439 3612 552 3678 [Supera]
572 3615 623 3666 Pro
635 3629 722 3680 supra,
738 3623 766 3666 ut
807 3617 916 3681 primum
931 3619 957 3667 in
970 3621 1070 3668 recenti
1088 3619 1175 3670 mnndi
1192 3626 1286 3669 exortu
1303 3619 1339 3667 sit

240 3701 309 3750 slepe
321 3688 413 3735 monui.
806 3703 904 3743 ιιιιιιιιι.

273 3767 321 3812 766
334 3761 437 3824 Rodios]
448 3765 529 3827 Supp.
540 3766 607 3815 solis.
840 3773 927 3834 Magri
946 3805 989 3823 ...
1008 3773 1101 3837 muudi]
1120 3773 1155 3823 H.
1172 3787 1196 3822 e.
1208 3770 1267 3822 celi
1284 3772 1338 3822 lete

272 3841 320 3888 767
333 3838 419 3900 Fulget
432 3841 538 3904 [suigil]
552 3843 697 3908 Utrumque
706 3845 767 3896 olim
809 3848 933 3912 petentis.

241 3913 339 3964 dictum
358 3923 407 3975 est,
424 3914 521 3980 fulgeo,
536 3932 578 3969 ee:
601 3927 629 3968 et
644 3919 723 3984 siligo,
739 3922 767 3972 is.
840 3922 890 3972 Per
899 3923 985 3972 carelo
995 3923 1086 3987 meses]
1100 3924 1136 3973 H.
1147 3937 1171 3972 e.
1183 3937 1231 3986 per
1243 3925 1337 3974 celum

238 3990 283 4040 Sic
296 4004 335 4039 ιι.
345 3995 400 4040 166.
414 3995 467 4041 177.
477 3997 534 4044 218.
542 3998 599 4042 217.
609 3999 657 4046 &e
805 3997 954 4047 eoernleum.
971 3997 1016 4048 Sic
1028 3997 1202 4060 ‘etrstsvisi‚'
1210 4011 1259 4062 pro
1270 4004 1339 4046 elre-

271 4069 320 4114 766
329 4065 502 4130 languescere]
516 4069 646 4134 Deficere,
656 4070 764 4137 deliqui·
806 4081 839 4124 te
849 4073 906 4124 vie.
922 4073 967 4124 Sic
977 4088 1013 4123 vs.
1025 4078 1083 4126 716.
1093 4076 1199 4126 ‘cunels
1211 4071 1279 4137 risi,'
1288 4087 1340 4137 pro

239 4141 491 4200 umnelileborere.
805 4153 986 4204 eunetssriss.
1056 4141 1062 4152 ’

271 4215 468 4271 inoluminum
484 4221 591 4285 illinies]
606 4223 649 4274 Sic
662 4224 763 4276 loculus
