3060 4858
253 379 318 442 942
605 391 713 440 norm
737 385 937 438 vsnrouuas
963 391 1000 438 ιιι

253 537 379 601 ιιγιίιι,ιι
390 534 488 593 hosden
505 539 639 583 vocentur.
672 531 704 581 Id
715 531 782 582 anti·
819 529 876 580 Dat
885 531 973 581 souitu
982 543 1075 597 magno
1085 540 1207 598 stragem,
1218 533 1347 600 voluitque

254 614 341 678 quitus
349 609 593 674 medimedicatum,
606 610 623 659 i.
635 623 658 659 e.
670 609 781 673 pitisrei
818 608 868 657 sub
894 609 970 658 nudis
993 610 1109 660 Grandia
1132 625 1205 675 saxa,
1225 613 1278 663 ruit
1298 629 1349 678 qna

254 689 323 738 saxis
341 687 522 752 grandioribus
548 687 674 750 impetum
697 683 780 734 dumi·
819 685 1177 750 quidquidflnctibusobstat.
1211 689 1348 752 sicigitur

253 768 293 814 uis
314 766 460 815 retundere.
494 765 555 828 ipse
572 765 780 814 Laurentium.
819 761 916 811 debeat
935 762 1006 812 venti
1028 777 1129 828 qnoque
1144 761 1248 814 flamina
1267 764 1349 814 ferri.¹

253 842 405 892 ‘Fluctibus
431 841 546 891 adversis
569 840 687 904 oppilare
714 840 781 889 ostia
817 839 885 889 Sunt
895 839 951 888 haee
970 839 1047 902 plane
1063 839 1232 904 admirabilia,
1243 840 1345 906 fateor;

253 918 359 968 eontra!
384 916 453 968 unda
474 916 601 981 hodieque
620 915 781 980 appeliantar
818 913 900 979 iisque
912 919 939 964 et
955 915 1079 979 Virgilius
1093 922 1121 966 et
1131 917 1213 966 ceteri
1225 925 1286 981 post
1296 919 1351 968 Lu-

253 994 492 1057 biiocideirooyen.
509 991 576 1042 Hau.
818 990 927 1040 cretium
951 990 1036 1054 poeto
1064 991 1126 1040 satis
1150 993 1283 1042 commode
1309 993 1347 1044 nsi

287 1069 348 1118 Rait
365 1083 412 1132 qao
429 1068 553 1132 quidquid]
569 1067 662 1132 Virgii.
686 1069 742 1118 AEu.
759 1081 779 1118 ι.
818 1074 894 1118 sunt:
919 1067 972 1118 Sed
994 1067 1056 1134 quid
1076 1070 1144 1119 boc?
1167 1071 1283 1134 coluitque
1302 1073 1346 1120 aab

253 1149 295 1194 87.
323 1145 399 1196 ‘Qua
417 1144 479 1192 data
497 1150 573 1207 porta
594 1143 689 1193 rnunt.’
713 1145 781 1208 quid·
817 1145 887 1194 aad&
905 1146 1158 1208 Grandiorntu,rsit
1175 1163 1222 1210 qao
1233 1148 1346 1211 quidquid

252 1221 308 1284 qrdd
327 1227 412 1269 autern
431 1219 499 1269 idem
515 1220 584 1285 qnod
601 1221 711 1285 quidqu,
731 1220 781 1270 boc
810 1221 929 1286 fluctibns
937 1223 1022 1272 mot.
1054 1223 1123 1274 {aue
1138 1223 1207 1274 istud
1224 1239 1269 1287 qao
1283 1225 1346 1273 uibii

253 1299 321 1358 loco,
332 1303 363 1348 ut
373 1311 443 1360 sape
454 1295 523 1346 aiibi.
540 1296 574 1346 de
591 1311 642 1361 qno
653 1296 781 1346 dicetura
817 1311 875 1347 esse
892 1298 962 1348 aiiud
980 1298 1071 1362 possit,
1088 1299 1135 1348 nisi
1151 1313 1198 1362 qao
1211 1304 1288 1362 porte,
1301 1313 1347 1362 per

254 1373 330 1423 uobis
341 1373 411 1422 aiiaa
427 1372 511 1422 hmo.
816 1391 884 1440 quern
898 1378 982 1437 iocum,
1000 1385 1044 1427 ant
1058 1378 1215 1440 inquantum,
1227 1375 1265 1438 ἐφ’
1278 1375 1343 1439 ὅσον,

286 1450 403 1512 Raitqao
420 1449 545 1512 quisquis]
564 1449 706 1512 Quidquam,
725 1446 779 1499 Gii'.
816 1455 998 1516 wemmam.
1009 1450 1345 1515 undeiamenqnaudoerit

252 1527 299 1576 aed
324 1526 405 1574 Ruunt
433 1539 495 1588 qao,
518 1539 580 1574 saxa
600 1526 648 1576 ris.
675 1539 780 1588 semper
817 1537 847 1579 nt
859 1543 947 1579 seusus
955 1529 1048 1593 aliquis
1056 1528 1205 1591 satisaptns
1214 1527 1344 1592 emergat?

251 1602 388 1666 legendam
397 1603 500 1666 putarit
510 1602 602 1652 Faber.
615 1603 673 1652 Nec
684 1603 780 1666 impro·
816 1616 876 1654 nam
894 1603 924 1654 rb
940 1619 986 1668 qao
1000 1603 1077 1668 jungi
1093 1603 1186 1666 nequit
1203 1617 1261 1652 cum
1278 1615 1342 1652 roca

250 1679 337 1728 banda
355 1684 427 1728 esset
442 1679 493 1728 ista
508 1679 690 1742 conjecturari
702 1679 779 1729 Codi·
815 1683 883 1730 owd.
916 1681 1050 1730 Praeterea
1060 1680 1128 1744 qnod
1143 1679 1216 1728 aiunt
1227 1679 1342 1729 hocloco

252 1769 296 1802 cer
305 1753 497 1817 confirmarent,
511 1761 538 1803 et
555 1769 605 1803 nou
617 1754 685 1804 foret
700 1755 779 1818 panio
816 1757 927 1820 quidquid
939 1756 1048 1820 positonr
1058 1768 1116 1804 esse
1133 1767 1182 1817 pro
1197 1754 1305 1818 quidque,
1315 1753 1341 1803 id

252 1829 385 1892 frigidior:
403 1843 455 1878 non
473 1829 627 1879 soiicitaada
639 1837 681 1880 eat
699 1831 779 1894 igitur
815 1847 877 1880 vero
898 1831 1027 1895 estquod
1050 1829 1117 1880 baud
1139 1828 1216 1880 facile
1239 1829 1342 1894 probari

252 1908 295 1956 iiia
312 1907 396 1956 altera
417 1906 505 1966 lectio,
524 1920 599 1970 anm
615 1915 690 1956 retus
707 1907 778 1956 Lati-
815 1921 893 1971 posse
906 1907 1009 1957 ιιὶιιιιιι.
1027 1919 1112 1972 neque
1128 1921 1200 1970 vero,
1216 1907 1237 1955 ei
1253 1909 1342 1971 proba·

253 1997 293 2032 ιιιιι
304 1983 436 2046 probaret.
456 1981 658 2048 Raitqaeiorsan
675 1983 777 2035 admitti
814 1989 868 2032 torn
880 1983 966 2040 inerit,
978 1997 1019 2032 res
1039 1989 1125 2032 tamen
1144 1983 1169 2031 iu
1188 1989 1245 2032 tuto
1256 1982 1343 2034 suerit.

250 2066 346 2124 protest,
365 2066 392 2109 et
407 2060 488 2124 probe
504 2060 673 2124 respondebit
684 2061 779 2110 Reuni-
815 2059 965 2123 Legenduur
977 2059 1064 2124 itaque
1077 2059 1342 2124 semperexiatimari,

250 2140 397 2200 quomod.
423 2137 464 2186 sb
476 2137 621 2186 istiusmodi
633 2138 710 2186 etiarn
723 2139 777 2187 hia·
817 2137 926 2186 Grandia
954 2151 1024 2198 mxu,
1051 2141 1126 2185 nass
1151 2149 1202 2200 qaoe
1231 2137 1342 2200 quidquid

251 2213 322 2262 tibus
337 2225 387 2261 non
407 2211 544 2261 abhorrent
560 2219 662 2263 ueteres
681 2215 777 2276 poetas.
807 2211 924 2276 flactibus
933 2212 1024 2262 οὸιιαιι
1034 2219 1170 2262 sensatam
1180 2213 1341 2278 pisnoquarn

252 2289 347 2337 Crescit
380 2287 517 2348 ingeniose
535 2288 628 2336 Faber.
642 2295 778 2352 morique
815 2288 977 2338 necessario:
995 2289 1094 2338 diarias
1113 2303 1173 2338 auro
1190 2290 1271 2351 coivit,
1289 2305 1341 2352 qno

249 2377 368 2412 sesaxa.
402 2362 476 2413 Quod
488 2377 578 2412 verum
593 2364 706 2428 quidem,
718 2379 776 2414 curn
813 2377 872 2412 ιιιι
895 2369 966 2412 mast
991 2363 1018 2427 (i.
1044 2379 1068 2412 e.
1090 2370 1205 2422 cremant,
1232 2365 1342 2428 mediam,

249 2439 308 2494 niis,
322 2447 374 2487 turn
386 2437 464 2487 docet
477 2438 586 2488 historia
598 2439 687 2489 domus
699 2440 777 2490 Aira-
813 2439 1244 2503 Muqatidquidflaaiibasobsiad.
1278 2439 1341 2490 Esse

249 2515 305 2564 radi
319 2513 387 2577 apud
402 2514 549 2563 Beuaoneur
562 2515 632 2564 Nori
653 2517 733 2566 Orbis
751 2523 774 2567 l.
814 2523 901 2564 autom
912 2517 1004 2564 activae
1022 2515 1219 2579 significationis
1233 2517 1262 2566 rb
1272 2533 1342 2568 ruere

249 2594 288 2640 tt.
307 2589 435 2640 rostrante
453 2591 600 2640 camerario
614 2591 690 2641 Subs.
700 2597 723 2642 i.
735 2597 775 2643 86.
813 2593 834 2642 si
844 2593 1007 2656 probandum
1017 2593 1078 2656 erit,
1098 2609 1148 2644 non
1161 2596 1236 2660 ionga
1248 2595 1341 2645 abeun-

246 2669 254 2695 ‘
265 2666 371 2716 Accidit
383 2673 468 2716 antem
478 2667 554 2729 paulo
565 2675 625 2731 post
634 2674 663 2717 ut
674 2669 776 2731 imber:
813 2667 883 2718 dum.
904 2669 1027 2734 Sequitur
1039 2671 1117 2733 enim,
1133 2673 1142 2699 ‘
1153 2673 1303 2722 Quamlibet
1313 2675 1339 2722 in

245 2745 294 2793 dre.
315 2758 340 2806 p.
364 2745 420 2791 ³98.
460 2743 554 2791 Melius
576 2751 662 2793 tamen
690 2744 773 2795 Codd.
813 2751 913 2807 partem
931 2759 972 2793 res
991 2745 1099 2794 trudunt
1118 2753 1179 2796 aute
1195 2747 1342 2813 ruuntque!

245 2819 311 2867 Mas.
344 2817 387 2866 ita
396 2817 549 2880 simpliciter
560 2819 677 2882 explica:
695 2820 745 2869 ruit
755 2820 772 2872 i.
812 2819 854 2868 lta
861 2820 933 2882 aiibi,
946 2821 1030 2870 ‘tauri
1046 2821 1166 2872 cornibus
1176 2831 1338 2889 rnnntequos

245 2907 269 2942 a.
288 2893 381 2942 sternit
395 2893 521 2957 quidquid
539 2894 627 2943 obstat
643 2891 775 2958 fluctibns,
811 2896 844 2945 ad
856 2897 971 2957 terram‚’
981 2904 1008 2947 et
1018 2905 1026 2926 ⁸
1036 2913 1109 2947 mare
1119 2900 1302 2963 ruitarenaur‚'
1311 2909 1340 2951 et

245 2983 291 3031 qao
310 2968 405 3030 obstat,
423 2969 440 3017 i.
458 2983 481 3018 e.
498 2983 549 3034 qno
566 2971 774 3019 maxirucobstet
810 2973 922 3022 ‘reatus
944 2972 966 3022 it
986 2973 1114 3024 rnuaver!
1146 2976 1197 3037 lta,
1222 2977 1339 3027 ‘ceteros

245 3044 312 3095 ioco.
329 3044 456 3108 quidquam
473 3043 522 3094 Ed.
534 3045 596 3094 Bne.
609 3059 660 3095 non
671 3045 772 3096 itarec-
811 3063 924 3112 agerem,
942 3063 1053 3111 ruerem,
1065 3053 1274 3115 prosternerem‚’
1290 3053 1337 3102 Te·

244 3127 281 3169 te.
299 3121 367 3172 Hoc
812 3130 877 3173 rent.
890 3126 1263 3189 atriisnpndaiiossesceuta.
1281 3129 1339 3181 Feb.

277 3201 324 3246 aot
338 3196 771 3260 Ventfflliustrisreroreuticorn·
842 3205 891 3250 2⁹2
910 3201 969 3249 Cam
989 3202 1142 3266 procubuere]
1170 3205 1234 3254 Cum
1261 3204 1337 3255 flatus

242 3271 417 3334 paratiorem
436 3270 514 3320 fluvio
533 3282 589 3323 est.
608 3275 659 3336 ita,
680 3275 774 3338 iuquit,
811 3290 869 3326 snos
891 3275 975 3326 adrias
998 3276 1031 3326 sd
1055 3285 1151 3328 terram
1173 3289 1288 3356 ponunt:
1310 3289 1339 3330 et

243 3345 328 3396 fluunt
350 3347 430 3406 venti,
446 3347 659 3409 quemadmodum
676 3355 704 3397 et
725 3349 772 3398 iiu-
810 3367 877 3401 nens
888 3353 982 3402 reircta
996 3367 1101 3416 regione
1120 3362 1214 3404 terram
1228 3362 1337 3417 petunt

244 3423 299 3471 rios
321 3420 382 3470 ferri
408 3421 542 3471 ridemus.
574 3425 653 3473 ‘Nec
673 3425 772 3474 ratione
810 3434 837 3476 ct
856 3427 960 3477 arbores
983 3429 1121 3491 sylvaticas
1139 3429 1273 3481 infestant.
1306 3433 1337 3482 ln

243 3495 327 3546 fluunt
352 3499 411 3561 alia,
432 3505 595 3561 stragemque
618 3509 772 3563 propagent,
809 3503 874 3552 hanc
886 3502 1081 3566 significantiam
1093 3506 1168 3555 Maro
1180 3505 1239 3556 AEu
1249 3511 1337 3558 addi.

244 3574 328 3624 Quam
338 3587 396 3622 curu
408 3574 490 3622 motin
500 3589 574 3638 aquae
587 3574 668 3625 fertur
679 3584 772 3626 natura
810 3579 984 3629 ‘Procumbit
1005 3581 1074 3629 humi
1097 3580 1160 3631 bos?
1192 3583 1263 3632 Huic
1284 3583 1338 3633 dic·

242 3655 351 3711 repente
379 3651 496 3700 Flumine
523 3652 674 3714 abundanti,
701 3654 771 3717 quod
810 3655 900 3704 tioui'
890 3667 971 3718 junge
989 3669 1077 3705 rocem
1097 3663 1169 3706 unte:
1183 3660 1337 3723 quaeertiu

242 3724 322 3788 largis
345 3725 469 3774 imbribus
491 3733 571 3789 auget
588 3728 719 3776 Montibus
736 3744 770 3778 ex
808 3729 926 3794 sequenti
939 3744 1031 3780 versu:
1049 3746 1107 3780 cum
1125 3733 1195 3783 renti
1207 3741 1268 3783 aute
1280 3749 1337 3797 pro·

242 3801 299 3850 aitis
311 3802 646 3868 magnusdecursosaquai,
655 3805 770 3869 Fragmi·
808 3807 932 3868 cubuere,
951 3806 1056 3855 trabunt
1078 3815 1170 3869 postca
1188 3823 1229 3857 res
1249 3823 1336 3859 secum

243 3893 275 3926 ιιι
295 3877 439 3940 conjiciens
459 3878 587 3941 silvarum,
613 3879 769 3945 arbustaque
807 3882 905 3944 impetn
924 3888 1005 3931 vasto.
1025 3883 1090 3932 Piso.
1122 3883 1336 3948 Verumegoro-

243 3961 307 4005 tota.
339 3953 396 4004 Nec
408 3954 486 4002 vaiidi
498 3960 605 4017 possunt
620 3965 713 4019 pontes
727 3972 768 4006 re·
807 3972 862 4007 cern
883 3964 938 4008 oste
957 3960 1033 4008 aiiter
1046 3960 1159 4023 explico,
1170 3969 1198 4010 et
1208 3963 1337 4033 conjungo

241 4030 335 4082 uieutis
355 4029 430 4096 aquai
447 4030 505 4078 Vim
522 4031 631 4080 subitam
649 4033 770 4092 tolerare,
807 4049 864 4082 cunr
875 4048 922 4093 res,
935 4035 1210 4098 aiqueita‘resante'
1222 4046 1282 4086 sunt
1294 4053 1335 4088 rea

242 4108 279 4156 ita
300 4123 393 4172 magno
416 4106 535 4156 turbidus
557 4107 633 4156 imbri
656 4108 769 4157 Molibus
807 4111 956 4167 anteriores,
975 4127 1038 4176 quar
1059 4113 1194 4177 oppositas
1210 4115 1259 4164 sibi
1279 4130 1335 4178 pro

243 4185 377 4236 incurrens
395 4183 489 4235 validis
509 4184 769 4234 enutriribusumnis
808 4187 922 4237 volvunt.
938 4187 1004 4238 Hau.
1036 4189 1116 4240 Forte
1130 4191 1207 4240 rnlrdo
1224 4205 1275 4240 cum
1284 4193 1336 4256 pitr-
