2954 4844
248 453 283 504 r.
309 449 485 501 noonnmr
511 445 600 498 orni
627 447 675 497 nn
700 445 832 496 ιιιιιιυιι
859 445 944 494 mir.
971 445 1043 494 nro.
1066 445 1107 494 ιι.
1150 427 1237 496 12⁰3

141 592 477 656 etmirutomiriudulger:
499 587 669 656 quirpoudor
707 587 830 638 tenebret
851 593 880 638 et
899 586 1038 650 caliginem
1060 584 1180 646 offundit,
1207 594 1237 638 ol

140 672 208 721 omni
231 673 357 735 muterire,
387 677 415 720 et
437 669 493 734 quir
515 665 668 731 corporibus
706 663 836 714 difficilior
853 663 962 714 inveniri
975 663 1171 727 etcopipomit.
1189 663 1236 712 Αι.

140 747 257 811 ejrrrdem
274 747 349 797 molit
370 746 437 795 idem
455 743 556 809 poudm
576 755 669 793 conce·
706 740 771 790 uerit
783 741 850 790 enim
861 740 915 790 rinc
925 739 975 790 ictu
985 741 1112 789 ruminum
1122 739 1235 788 declinu-

140 823 205 873 dtt?
237 823 334 873 Senem
356 821 424 872 cuim
451 826 480 870 et
505 819 669 884 experientia
705 807 777 865 tione
794 815 941 865 iibertrtem
955 815 1104 878 voluntatis,
1122 829 1197 880 qurum
1210 817 1236 864 io

140 901 291 951 reclament.
329 898 511 948 Vidit-mrtem
540 894 669 958 Epicurus
706 891 823 944 omnium
836 891 988 941 mrimelibur
1005 892 1138 954 rentimur,
1153 891 1236 954 expli·

139 975 250 1038 lapidee,
270 975 350 1038 ligna,
364 979 458 1024 cuncto
474 971 588 1036 deniqne
600 970 669 1020 imru
706 969 761 1019 curi
784 982 834 1018 uon
856 983 939 1032 poree.
973 968 1125 1031 Respondet
1144 968 1236 1017 Cicero

141 1051 230 1100 mnudi
240 1051 315 1115 hrrjur
325 1049 449 1100 ambitum
461 1053 585 1099 contentu
595 1045 669 1097 deor·
706 1048 752 1098 iib.
764 1054 787 1099 1.
803 1048 835 1097 de
847 1048 883 1098 N.
895 1049 931 1098 D.
959 1048 1018 1098 Hoc
1034 1061 1153 1112 persepe
1173 1046 1236 1096 suci·

140 1141 194 1176 rum
206 1127 324 1188 tendere3
335 1133 413 1192 etque
423 1125 483 1174 ideo
493 1123 605 1174 credidit
615 1137 668 1172 om·
707 1125 742 1176 tiu
761 1124 902 1188 Epicurei,
913 1131 942 1174 ul
953 1138 1010 1174 cum
1021 1123 1118 1187 aliquid
1130 1137 1181 1172 nun
1194 1137 1236 1170 ve.

141 1200 518 1254 niuulruterooderceudireer
531 1198 670 1264 quamopi-
707 1200 812 1250 rieimiie
834 1200 936 1262 dicurir,
961 1208 988 1249 er
1011 1199 1234 1263 reprehensionem

139 1281 238 1330 ulonem
250 1280 293 1345 qui
304 1277 481 1342 amplectitur,
498 1291 539 1326 ue
556 1276 600 1325 ilie
617 1274 669 1326 erit
706 1273 1049 1340 effugemvelitir‚efferutir
1059 1274 1234 1340 aliquidquod

139 1355 305 1406 nitidissimos
323 1355 356 1405 de
371 1367 451 1418 grege
470 1351 577 1417 Epicuri
588 1350 668 1414 philu-
706 1352 810 1402 omnino
830 1367 863 1401 ue
885 1351 941 1401 fleri
964 1349 1067 1414 quidem
1088 1349 1185 1413 poerit:
1208 1357 1236 1398 nt

140 1433 244 1496 rupium.
276 1431 351 1482 Idenr
373 1430 440 1480 euim
459 1444 490 1478 rc
511 1429 533 1478 ri
555 1428 668 1488 diceret,
705 1429 785 1478 retine
803 1426 882 1478 inerit
898 1427 960 1476 iliud
974 1427 1109 1491 ipsum,de
1120 1440 1171 1490 quo
1182 1440 1236 1474 um·

140 1516 219 1570 rotet,
241 1507 365 1569 eirlerer,
379 1512 408 1555 et
424 1505 522 1568 relique
542 1503 667 1553 machine
707 1503 1007 1568 bigebetur,coucedere
1017 1520 1025 1564 ;
1036 1517 1111 1566 qrrum
1123 1509 1176 1551 tum
1189 1502 1235 1550 im·

140 1585 248 1649 uiiquur
259 1583 374 1633 membru
388 1580 414 1632 id
425 1579 530 1630 sectum
540 1593 667 1639 reorrom,
706 1581 836 1644 pudenter
854 1580 992 1629 retinere:
1013 1580 1086 1629 velut
1097 1580 1234 1642 Epicnmr,

140 1660 209 1725 quod
231 1658 388 1723 conjunctim
414 1655 525 1707 fuciunt.
559 1654 612 1704 Sed
637 1662 667 1705 ut
705 1673 765 1708 cmu
775 1655 885 1716 rideret,
893 1657 914 1705 ri
928 1655 1151 1706 utomi‘serrentrrr
1161 1656 1187 1705 io
1199 1657 1235 1706 lo·

133 1735 189 1786 'hoc
215 1749 317 1802 quoquc
340 1732 488 1796 largitum.
534 1730 667 1780 Habemus
705 1748 764 1783 cum
773 1731 919 1782 inferiorem
929 1738 1024 1795 tuopte
1033 1731 1159 1796 pondere,
1169 1731 1234 1781 nillil

139 1812 250 1880 tandem
262 1809 363 1860 induite
373 1807 470 1859 ermino
481 1822 529 1872 per
542 1808 618 1856 imno
628 1807 667 1857 iu·
704 1809 759 1860 fore
770 1813 795 1860 iu
816 1819 904 1860 norim
922 1816 1063 1873 potestate,
1078 1810 1146 1874 quod
1163 1819 1235 1862 erret

139 1887 239 1938 linitum
260 1886 316 1951 peri
336 1899 409 1950 poem
421 1893 449 1934 et
467 1883 560 1948 uquuii
572 1883 667 1933 veloci·
703 1901 793 1936 eoruru
809 1892 893 1936 motor
910 1893 997 1936 certm
1013 1895 1041 1936 et
1057 1888 1235 1948 neceesarium

139 1973 195 2014 tute
207 1964 325 2014 deoroum
338 1962 480 2011 tendentia.
514 1960 545 2009 1ιι
561 1959 667 2008 immeo·
704 1962 803 2012 inrenit
818 1977 869 2026 qrro
887 1961 963 2011 modo
976 1962 1159 2011 ueterrilutem
1171 1961 1235 2012 ello·

139 2041 218 2091 ritule
229 2041 405 2101 latitudinum,
423 2036 620 2101 longitudinum,
629 2036 667 2085 ul·
704 2046 788 2102 geret‚
811 2035 878 2102 quod
898 2038 944 2085 riu.
963 2038 1142 2086 Democritum
1163 2037 1235 2101 fuge·

140 2118 288 2176 titudinem,
310 2115 410 2165 infinito
433 2116 472 2163 rit
495 2112 667 2164 inminuerubl·
704 2120 761 2164 rut:
789 2113 826 2163 eit
845 2121 969 2174 utomum,
989 2125 1048 2162 com
1070 2112 1184 2176 pondere
1205 2121 1232 2162 er

139 2194 200 2242 lirim
211 2192 302 2242 volitet
314 2199 468 2254 utomomm,
478 2205 535 2253 quur
547 2189 667 2253 iulerjeo·
704 2191 833 2256 greritrte
858 2191 958 2253 directo
984 2190 1102 2240 deorsum
1124 2189 1234 2252 leretur,

140 2277 167 2319 to
185 2265 667 2325 inunieoinoerercuutrumeointcrre,
704 2267 835 2319 declinere
847 2267 969 2331 porriium.
1004 2268 1062 2316 Hoc
1079 2267 1167 2318 dicere
1180 2275 1233 2317 tor·
1324 2307 1329 2316 .

138 2350 167 2394 et
185 2343 243 2393 eliu
261 2333 325 2392 ulier
343 2335 568 2406 apprehendentur
584 2341 666 2391 conii·
705 2345 762 2408 pim
774 2351 824 2405 eur,
841 2357 917 2408 quom
935 2343 1008 2404 illud,
1022 2342 1091 2407 qrrod
1104 2344 1168 2406 ruit,
1181 2359 1233 2394 non

138 2428 260 2483 uruntur,
270 2434 303 2470 ex
314 2434 365 2483 quo
374 2417 521 2468 efficiuntur
532 2415 572 2466 loe
582 2431 666 2468 rerum
704 2433 780 2485 poure
801 2417 952 2470 defendere.
979 2419 1022 2474 ,Et
1038 2419 1083 2468 lib.
1096 2419 1129 2469 de
1151 2421 1216 2468 Fure
1230 2437 1236 2470 ι

138 2495 229 2546 surore
250 2504 278 2546 et
299 2494 398 2559 figure.
426 2493 503 2544 Unde
526 2507 588 2544 roro
607 2492 666 2541 eil·
704 2497 895 2560 Epicururono
909 2503 1026 2558 tempore
1043 2509 1084 2544 rer
1098 2496 1162 2544 duos
1180 2508 1234 2544 ιιιιι·

138 2571 418 2637 elimppreirendrul‚
437 2569 563 2633 cumpuri
576 2567 668 2617 reincl-
704 2571 769 2636 cipit
791 2569 977 2631 inenodabilem
1004 2584 1089 2630 ouum,
1121 2579 1150 2620 ut
1177 2573 1233 2620 uiue

139 2655 194 2698 tute
204 2647 437 2700 omneri'ereutur?
450 2645 628 2710 riupuulinm,
639 2652 667 2694 et
704 2644 838 2696 consedet
848 2645 955 2710 aliquid,
972 2660 1005 2694 ex
1024 2659 1075 2710 quo
1091 2646 1184 2695 eximet
1205 2654 1233 2696 ut

139 2739 215 2790 quum
237 2724 368 2774 minimum
392 2723 533 2784 declinam,
555 2736 591 2770 rr.
608 2723 666 2770 281.
704 2721 739 2772 de
758 2721 839 2770 niiriio
857 2722 989 2786 quippiam
1008 2719 1071 2770 dut:
1095 2721 1163 2785 qnod
1184 2737 1233 2772 nce

139 2801 189 2850 Sed
202 2801 259 2865 ipro
269 2801 325 2850 lrrec
336 2799 476 2852 declinetio
488 2800 522 2850 ud
534 2797 667 2848 libidinem
705 2798 765 2863 ipri,
785 2811 833 2850 oco
857 2797 975 2863 cuiquam
1000 2797 1107 2862 plryrico
1127 2798 1231 2860 piacet:

138 2877 255 2939 lingitur,
276 2875 328 2941 (uit
346 2875 416 2926 euim
434 2874 570 2926 Lucretius
588 2874 667 2924 decli·
705 2878 825 2934 ulteruro.
845 2882 874 2924 ut
891 2889 949 2924 cum
969 2874 1022 2924 duo
1040 2874 1172 2923 individua
1187 2887 1233 2940 per

140 2967 202 3001 nure
223 2957 321 3001 atomon
343 2951 399 3000 uiue
421 2963 510 3011 centn,
532 2965 583 3014 quo
602 2949 667 2998 uiiril
705 2952 857 3002 inanimem
871 2949 1000 3013 ferentur,
1019 2953 1128 3002 alterum
1140 2967 1154 3000 e
1167 2953 1234 3015 regl-

141 3026 241 3091 turpior
253 3024 383 3092 pityricm)
398 3033 426 3076 et
437 3025 508 3076 illum
516 3031 612 3075 motum
623 3039 667 3074 ιιιι-
704 3041 755 3077 oue
765 3036 910 3090 morentur,
921 3028 1029 3076 nitemur
1040 3026 1162 3078 declinet.
1183 3027 1233 3076 Fu.

139 3102 249 3152 ruralem
257 3101 371 3150 onmium
383 3101 523 3164 ponderum
535 3114 550 3149 e
562 3102 667 3163 regione
705 3103 757 3153 rim
768 3103 863 3152 deiude
877 3104 943 3153 hune
954 3117 1058 3153 ctorem
1070 3105 1123 3166 egit
1135 3103 1161 3152 in
1173 3103 1231 3158 eod.

139 3177 288 3229 inferiorern
297 3177 531 3242 incompetentium
541 3177 666 3226 eiuccen-
705 3180 750 3229 lib.
783 3179 848 3232 Qun
860 3195 923 3244 ergo
935 3193 1002 3229 noro
1014 3193 1092 3229 caure
1103 3181 1128 3229 ln
1140 3187 1233 3228 nutrire

138 3270 169 3304 ru
190 3255 286 3319 eripuit
309 3255 410 3304 utomir.
444 3255 502 3304 Nec
525 3259 611 3303 tmueu
630 3251 667 3314 id,
704 3263 813 3322 atquc
830 3257 945 3306 declinet
961 3257 1096 3312 eternum?
1113 3265 1159 3308 uut
1171 3273 1231 3308 num

138 3329 214 3395 cuiue
234 3345 311 3380 cmm
329 3330 384 3380 taec
400 3328 519 3392 floreret,
533 3334 667 3379 meeeutue
705 3335 848 3383 metiuntur
869 3333 938 3382 inter
962 3347 1000 3394 re,
1028 3347 1086 3396 que
1107 3333 1233 3394 declinet,

139 3415 196 3458 ert:
214 3421 272 3456 num
289 3407 346 3456 slve
361 3419 449 3455 omitt·
465 3403 544 3455 timul
555 3403 667 3454 decllflt·
704 3426 762 3476 qme
774 3411 844 3461 noui
861 3417 904 3459 tut
925 3424 974 3458 cur
994 3407 1100 3458 minimo
1117 3409 1233 3458 declinet

140 3483 215 3545 bunt,
242 3482 319 3532 uuilae
342 3495 453 3546 nuquam
473 3480 667 3540 cohererceun
704 3487 850 3549 interrello,
867 3485 966 3549 majore
983 3486 1054 3534 noui
1070 3492 1173 3540 urrtcnr
1189 3483 1234 3534 de·

138 3561 194 3611 tite
212 3559 272 3610 ellae
282 3556 459 3619 deellntbum,
476 3555 533 3606 ⁸15!
546 3570 592 3606 ¹1¹⁰
603 3563 668 3605 num
704 3563 786 3613 cilnet
797 3577 848 3611 uuo
859 3562 973 3623 minimo,
983 3575 1034 3610 uou
1046 3561 1159 3609 decimet
1171 3561 1232 3610 duo·

138 3634 348 3696 contererentur,
362 3634 412 3683 erit
422 3632 470 3682 hoe
480 3631 554 3696 quw!
566 3631 673 3695 provin·-
707 3637 754 3687 bm
765 3643 810 3687 rut
821 3635 920 3687 triburi
954 3634 1057 3699 Optare
1067 3635 1117 3684 hoc
1129 3635 1232 3699 quidem

139 3715 192 3762 cim
213 3712 305 3763 eromir
332 3711 405 3771 dure,
424 3723 482 3774 qun
505 3715 587 3772 recte,
609 3719 668 3773 qun
706 3719 756 3774 ort,
770 3725 821 3762 uon
840 3712 993 3776 dirprrtum3
1010 3725 1068 3760 mm
1091 3725 1173 3776 neque
1191 3727 1234 3760 ιιι-

138 3789 245 3854 oblique
260 3787 387 3837 feruutur.
414 3783 512 3838 rutila·
534 3783 616 3848 primo
634 3782 668 3834 de
706 3789 834 3840 triurecm
845 3789 979 3850 impulsum
989 3794 1100 3838 atomum
1112 3789 1169 3838 ioco
1181 3803 1233 3838 mu·

141 3864 256 3914 Finibot.
706 3867 760 3916 reri
782 3866 857 3929 dicit,
878 3880 963 3930 noque
983 3867 1009 3916 iu
1028 3867 1072 3915 illo
1089 3867 1166 3924 lumi.
1186 3879 1234 3931 per

174 3941 251 3991 Hauc
262 3937 441 3990 difficultatem
458 3939 539 3989 renuit
549 3939 605 4003 ipre
619 3939 668 3987 Lu·
706 3941 1233 4008 quodfemturutomur,qrridqnumsniree

141 4018 237 4068 cretim
249 4032 287 4069 vr.
300 4021 357 4067 m.
377 4015 420 4066 nbi
441 4030 492 4066 nou
511 4023 564 4066 tum
581 4015 668 4077 rolrit,
706 4031 792 4067 cruere
804 4029 894 4068 coreu
905 4031 955 4067 uon
966 4033 983 4067 o
999 4018 1103 4082 regione
1113 4017 1234 4079 ferretur,

141 4105 216 4158 quam
229 4093 317 4156 riejur
329 4091 475 4142 rnccurublt
490 4103 630 4156 oppressor
641 4097 670 4140 ut
705 4107 754 4144 uec
764 4095 789 4142 iu
802 4093 858 4158 lpm
877 4099 963 4144 atomo
974 4095 1124 4146 mutotiouir
1136 4095 1233 4160 ailquid

141 4175 298 4236 prortrutue.
322 4167 374 4218 Sed
395 4183 432 4218 rr.
445 4171 503 4218 2⁵1.
514 4169 590 4217 ulium
602 4165 669 4217 difli—
706 4167 862 4234 factumest,
872 4172 1035 4236 quamobrem
1044 4173 1186 4222 uuturulem
1194 4175 1234 4223 mi

141 4245 266 4295 cultatem
277 4251 375 4307 moret,
390 4245 465 4309 cojur
476 4257 527 4308 ope
538 4245 588 4292 rim
601 4245 668 4308 prlo-
707 4246 829 4309 p'underle
851 4255 947 4296 motum
969 4263 1021 4297 uon
1046 4255 1156 4300 teneret.
1190 4249 1234 4300 ita

141 4320 176 4376 ric
192 4318 307 4386 effugere
323 4327 450 4382 tumtun
468 4322 519 4380 rei,
539 4329 566 4371 ut
587 4322 667 4388 repit,
707 4337 765 4377 cuur
778 4323 905 4386 attolieret
926 4323 1053 4392 Epicurus
1069 4327 1163 4383 nulium
1175 4341 1233 4386 cuo·
