<?xml version="1.0" encoding="UTF-8"?>
<!DOCTYPE html PUBLIC "-//W3C//DTD XHTML 1.0 Transitional//EN"
    "http://www.w3.org/TR/xhtml1/DTD/xhtml1-transitional.dtd">
<html xmlns="http://www.w3.org/1999/xhtml" xml:lang="en" lang="en">
 <head>
  <title>
</title>
<meta http-equiv="Content-Type" content="text/html;charset=utf-8" />
  <meta name='ocr-system' content='tesseract 3.04.00' />
  <meta name='ocr-capabilities' content='ocr_page ocr_carea ocr_par ocr_line ocrx_word'/>
</head>
<body>
  <div class='ocr_page' id='page_1' title='image "./dererumnaturali04carugoog_0151.png"; bbox 0 0 3018 4850; ppageno 0'>
   <div class='ocr_carea' id='block_1_1' title="bbox 449 378 1283 442">
    <p class='ocr_par' dir='ltr' id='par_1_1' title="bbox 449 378 1283 442">
     <span class='ocr_line' id='line_1_1' title="bbox 449 378 1283 442; baseline 0.007 -6"><span class='ocrx_word' id='word_1_1' title='bbox 449 389 498 436; x_wconf 87' lang='lat' dir='ltr'><strong>nu</strong></span> <span class='ocrx_word' id='word_1_2' title='bbox 520 388 655 438; x_wconf 83' lang='lat' dir='ltr'><strong>nuncu</strong></span> <span class='ocrx_word' id='word_1_3' title='bbox 682 390 837 438; x_wconf 79' lang='lat' dir='ltr'><strong>urruns</strong></span> <span class='ocrx_word' id='word_1_4' title='bbox 864 391 935 438; x_wconf 84' lang='lat' dir='ltr'><strong>nrn.</strong></span> <span class='ocrx_word' id='word_1_5' title='bbox 960 393 1008 440; x_wconf 88' lang='lat' dir='ltr'><strong>vr.</strong></span> <span class='ocrx_word' id='word_1_6' title='bbox 1217 378 1283 442; x_wconf 81' lang='lat'><strong>717</strong></span> 
     </span>
    </p>
   </div>
   <div class='ocr_carea' id='block_1_2' title="bbox 181 527 1285 1533">
    <p class='ocr_par' dir='ltr' id='par_1_2' title="bbox 181 527 1285 1533">
     <span class='ocr_line' id='line_1_2' title="bbox 183 527 1010 618; baseline -0.005 -16"><span class='ocrx_word' id='word_1_7' title='bbox 183 535 358 612; x_wconf 86' lang='lat' dir='ltr'><strong>Gaussam,</strong></span> <span class='ocrx_word' id='word_1_8' title='bbox 376 550 451 618; x_wconf 83' lang='lat' dir='ltr'><strong>qnae</strong></span> <span class='ocrx_word' id='word_1_9' title='bbox 466 527 600 596; x_wconf 79' lang='lat' dir='ltr'><strong>infestis</strong></span> <span class='ocrx_word' id='word_1_10' title='bbox 614 530 705 612; x_wconf 83' lang='lat' dir='ltr'><strong>cogit</strong></span> <span class='ocrx_word' id='word_1_11' title='bbox 719 530 839 596; x_wconf 81' lang='lat' dir='ltr'><strong>saevire</strong></span> <span class='ocrx_word' id='word_1_12' title='bbox 850 533 1010 615; x_wconf 82' lang='lat' dir='ltr'><strong>querelis,</strong></span> 
     </span>
     <span class='ocr_line' id='line_1_3' title="bbox 182 631 960 722; baseline -0.012 -16"><span class='ocrx_word' id='word_1_13' title='bbox 182 639 351 722; x_wconf 78' lang='lat' dir='ltr'><strong>Intellegit</strong></span> <span class='ocrx_word' id='word_1_14' title='bbox 364 636 450 714; x_wconf 88' lang='lat' dir='ltr'><strong>ibei;</strong></span> <span class='ocrx_word' id='word_1_15' title='bbox 470 633 587 700; x_wconf 84' lang='lat' dir='ltr'><strong>vitium</strong></span> <span class='ocrx_word' id='word_1_16' title='bbox 601 651 664 696; x_wconf 84' lang='lat' dir='ltr'><strong>ras</strong></span> <span class='ocrx_word' id='word_1_17' title='bbox 679 631 822 698; x_wconf 87' lang='lat' dir='ltr'><strong>ecficere</strong></span> <span class='ocrx_word' id='word_1_18' title='bbox 837 634 960 717; x_wconf 89' lang='lat' dir='ltr'><strong>ipsum,</strong></span> 
     </span>
     <span class='ocr_line' id='line_1_4' title="bbox 181 735 921 824; baseline -0.009 -17"><span class='ocrx_word' id='word_1_19' title='bbox 181 741 370 824; x_wconf 77' lang='lat' dir='ltr'><strong>Omniaque</strong></span> <span class='ocrx_word' id='word_1_20' title='bbox 385 738 478 802; x_wconf 90' lang='lat' dir='ltr'><strong>illius</strong></span> <span class='ocrx_word' id='word_1_21' title='bbox 494 736 577 800; x_wconf 82' lang='lat' dir='ltr'><strong>vitio</strong></span> <span class='ocrx_word' id='word_1_22' title='bbox 593 735 805 818; x_wconf 78' lang='lat' dir='ltr'><strong>contempior</strong></span> <span class='ocrx_word' id='word_1_23' title='bbox 818 737 921 813; x_wconf 89' lang='lat' dir='ltr'><strong>intus,</strong></span> 
     </span>
     <span class='ocr_line' id='line_1_5' title="bbox 182 836 1162 922; baseline 0 -16"><span class='ocrx_word' id='word_1_24' title='bbox 182 840 272 922; x_wconf 75' lang='lat' dir='ltr'><strong>Qum</strong></span> <span class='ocrx_word' id='word_1_25' title='bbox 286 860 350 906; x_wconf 90' lang='lat' dir='ltr'><strong>con</strong></span> <span class='ocrx_word' id='word_1_26' title='bbox 363 840 444 904; x_wconf 84' lang='lat' dir='ltr'><strong>lecte</strong></span> <span class='ocrx_word' id='word_1_27' title='bbox 459 836 553 913; x_wconf 87' lang='lat' dir='ltr'><strong>loris,</strong></span> <span class='ocrx_word' id='word_1_28' title='bbox 565 842 601 899; x_wconf 88' lang='lat' dir='ltr'><strong>et</strong></span> <span class='ocrx_word' id='word_1_29' title='bbox 614 837 794 914; x_wconf 86' lang='lat' dir='ltr'><strong>conmoda,</strong></span> <span class='ocrx_word' id='word_1_30' title='bbox 810 856 977 920; x_wconf 90' lang='lat' dir='ltr'><strong>quomque</strong></span> <span class='ocrx_word' id='word_1_31' title='bbox 994 839 1162 906; x_wconf 86' lang='lat' dir='ltr'><strong>venirent:</strong></span> 
     </span>
     <span class='ocr_line' id='line_1_6' title="bbox 182 937 1080 1026; baseline -0.001 -19"><span class='ocrx_word' id='word_1_32' title='bbox 182 943 322 1021; x_wconf 83' lang='lat' dir='ltr'><strong>Partim,</strong></span> <span class='ocrx_word' id='word_1_33' title='bbox 337 939 429 1026; x_wconf 86' lang='lat' dir='ltr'><strong>quod</strong></span> <span class='ocrx_word' id='word_1_34' title='bbox 443 937 572 1002; x_wconf 87' lang='lat' dir='ltr'><strong>fluxum</strong></span> <span class='ocrx_word' id='word_1_35' title='bbox 586 945 825 1021; x_wconf 86' lang='lat' dir='ltr'><strong>pertusumque</strong></span> <span class='ocrx_word' id='word_1_36' title='bbox 839 958 914 1003; x_wconf 87' lang='lat' dir='ltr'><strong>esse</strong></span> <span class='ocrx_word' id='word_1_37' title='bbox 928 940 1080 1021; x_wconf 87' lang='lat' dir='ltr'><strong>videbat,</strong></span> 
     </span>
     <span class='ocr_line' id='line_1_7' title="bbox 181 1040 1285 1132; baseline 0 -22"><span class='ocrx_word' id='word_1_38' title='bbox 181 1043 232 1132; x_wconf 86' lang='lat' dir='ltr'><strong>Ut</strong></span> <span class='ocrx_word' id='word_1_39' title='bbox 244 1045 337 1110; x_wconf 85' lang='lat' dir='ltr'><strong>nulle</strong></span> <span class='ocrx_word' id='word_1_40' title='bbox 352 1045 467 1127; x_wconf 89' lang='lat' dir='ltr'><strong>posset</strong></span> <span class='ocrx_word' id='word_1_41' title='bbox 479 1041 608 1105; x_wconf 88' lang='lat' dir='ltr'><strong>ratione</strong></span> <span class='ocrx_word' id='word_1_42' title='bbox 623 1040 791 1123; x_wconf 82' lang='lat' dir='ltr'><strong>explerier</strong></span> <span class='ocrx_word' id='word_1_43' title='bbox 803 1061 985 1126; x_wconf 87' lang='lat' dir='ltr'><strong>umquam;</strong></span> <span class='ocrx_word' id='word_1_44' title='bbox 1240 1043 1285 1110; x_wconf 77' lang='lat'><strong>20</strong></span> 
     </span>
     <span class='ocr_line' id='line_1_8' title="bbox 181 1143 1024 1230; baseline -0.001 -19"><span class='ocrx_word' id='word_1_45' title='bbox 181 1147 321 1224; x_wconf 83' lang='lat' dir='ltr'><strong>Partim,</strong></span> <span class='ocrx_word' id='word_1_46' title='bbox 336 1144 427 1230; x_wconf 90' lang='lat' dir='ltr'><strong>quod</strong></span> <span class='ocrx_word' id='word_1_47' title='bbox 443 1150 532 1207; x_wconf 89' lang='lat' dir='ltr'><strong>tetro</strong></span> <span class='ocrx_word' id='word_1_48' title='bbox 547 1143 646 1225; x_wconf 85' lang='lat' dir='ltr'><strong>quasi</strong></span> <span class='ocrx_word' id='word_1_49' title='bbox 661 1161 885 1226; x_wconf 78' lang='lat' dir='ltr'><strong>conspurcare</strong></span> <span class='ocrx_word' id='word_1_50' title='bbox 900 1163 1024 1228; x_wconf 87' lang='lat' dir='ltr'><strong>saporo</strong></span> 
     </span>
     <span class='ocr_line' id='line_1_9' title="bbox 183 1247 1058 1330; baseline 0 -16"><span class='ocrx_word' id='word_1_51' title='bbox 183 1247 308 1314; x_wconf 82' lang='lat' dir='ltr'><strong>Omnia</strong></span> <span class='ocrx_word' id='word_1_52' title='bbox 320 1247 490 1323; x_wconf 83' lang='lat' dir='ltr'><strong>cernebat,</strong></span> <span class='ocrx_word' id='word_1_53' title='bbox 503 1264 753 1329; x_wconf 78' lang='lat' dir='ltr'><strong>quaequomque</strong></span> <span class='ocrx_word' id='word_1_54' title='bbox 767 1254 939 1330; x_wconf 77' lang='lat' dir='ltr'><strong>receperat</strong></span> <span class='ocrx_word' id='word_1_55' title='bbox 953 1248 1058 1314; x_wconf 86' lang='lat' dir='ltr'><strong>intus.</strong></span> 
     </span>
     <span class='ocr_line' id='line_1_10' title="bbox 223 1347 964 1430; baseline -0.003 -15"><span class='ocrx_word' id='word_1_56' title='bbox 223 1349 394 1415; x_wconf 89' lang='lat' dir='ltr'><strong>Veridicis</strong></span> <span class='ocrx_word' id='word_1_57' title='bbox 409 1348 512 1430; x_wconf 82' lang='lat' dir='ltr'><strong>igitur</strong></span> <span class='ocrx_word' id='word_1_58' title='bbox 527 1349 686 1430; x_wconf 84' lang='lat' dir='ltr'><strong>purgavit</strong></span> <span class='ocrx_word' id='word_1_59' title='bbox 699 1355 838 1430; x_wconf 86' lang='lat' dir='ltr'><strong>pectora</strong></span> <span class='ocrx_word' id='word_1_60' title='bbox 853 1347 964 1426; x_wconf 87' lang='lat' dir='ltr'><strong>dictis,</strong></span> 
     </span>
     <span class='ocr_line' id='line_1_11' title="bbox 183 1449 951 1533; baseline 0 -18"><span class='ocrx_word' id='word_1_61' title='bbox 183 1449 228 1515; x_wconf 87' lang='lat' dir='ltr'><strong>Et</strong></span> <span class='ocrx_word' id='word_1_62' title='bbox 240 1450 342 1520; x_wconf 85' lang='lat' dir='ltr'><strong>finem</strong></span> <span class='ocrx_word' id='word_1_63' title='bbox 355 1451 473 1515; x_wconf 80' lang='lat' dir='ltr'><strong>statuit</strong></span> <span class='ocrx_word' id='word_1_64' title='bbox 485 1449 671 1533; x_wconf 81' lang='lat' dir='ltr'><strong>torpedinis</strong></span> <span class='ocrx_word' id='word_1_65' title='bbox 687 1454 788 1532; x_wconf 86' lang='lat' dir='ltr'><strong>atque</strong></span> <span class='ocrx_word' id='word_1_66' title='bbox 803 1450 951 1532; x_wconf 85' lang='lat' dir='ltr'><strong>timoris;</strong></span> 
     </span>
    </p>
   </div>
   <div class='ocr_carea' id='block_1_3' title="bbox 180 1647 1286 2033">
    <p class='ocr_par' dir='ltr' id='par_1_3' title="bbox 180 1647 1286 2033">
     <span class='ocr_line' id='line_1_12' title="bbox 183 1647 1285 1711; baseline 0.002 -13"><span class='ocrx_word' id='word_1_67' title='bbox 183 1648 316 1710; x_wconf 59' lang='lat' dir='ltr'><strong>infelicius</strong></span> <span class='ocrx_word' id='word_1_68' title='bbox 325 1647 444 1711; x_wconf 61' lang='grc' dir='ltr'>Μίδαι</span> <span class='ocrx_word' id='word_1_69' title='bbox 453 1664 462 1705; x_wconf 88' lang='grc'><strong>,·</strong></span> <span class='ocrx_word' id='word_1_70' title='bbox 471 1650 568 1711; x_wconf 64' lang='lat' dir='ltr'><strong>querit</strong></span> <span class='ocrx_word' id='word_1_71' title='bbox 581 1648 669 1698; x_wconf 85' lang='lat' dir='ltr'><strong>statim</strong></span> <span class='ocrx_word' id='word_1_72' title='bbox 688 1664 729 1698; x_wconf 84' lang='lat' dir='ltr'><strong>uua</strong></span> <span class='ocrx_word' id='word_1_73' title='bbox 740 1648 824 1708; x_wconf 78' lang='lat' dir='ltr'><strong>fucere</strong></span> <span class='ocrx_word' id='word_1_74' title='bbox 839 1649 887 1697; x_wconf 78' lang='lat' dir='ltr'><strong>hoc</strong></span> <span class='ocrx_word' id='word_1_75' title='bbox 904 1649 980 1711; x_wconf 84' lang='lat' dir='ltr'><strong>ipsum</strong></span> <span class='ocrx_word' id='word_1_76' title='bbox 993 1649 1110 1698; x_wconf 67' lang='lat' dir='ltr'><strong>mammis</strong></span> <span class='ocrx_word' id='word_1_77' title='bbox 1121 1647 1161 1709; x_wconf 87' lang='lat' dir='ltr'><strong>iia,</strong></span> <span class='ocrx_word' id='word_1_78' title='bbox 1172 1653 1196 1698; x_wconf 86' lang='lat' dir='ltr'><strong>et</strong></span> <span class='ocrx_word' id='word_1_79' title='bbox 1206 1649 1285 1700; x_wconf 73' lang='lat' dir='ltr'><strong>omnio</strong></span> 
     </span>
     <span class='ocr_line' id='line_1_13' title="bbox 184 1713 1286 1776; baseline 0 -14"><span class='ocrx_word' id='word_1_80' title='bbox 184 1713 254 1773; x_wconf 78' lang='lat' dir='ltr'><strong>dena,</strong></span> <span class='ocrx_word' id='word_1_81' title='bbox 263 1727 408 1776; x_wconf 70' lang='lat' dir='ltr'><strong>quemque</strong></span> <span class='ocrx_word' id='word_1_82' title='bbox 418 1713 565 1762; x_wconf 67' lang='lat' dir='ltr'><strong>atrium</strong></span> <span class='ocrx_word' id='word_1_83' title='bbox 575 1717 720 1775; x_wconf 78' lang='lat' dir='ltr'><strong>comportate</strong></span> <span class='ocrx_word' id='word_1_84' title='bbox 731 1713 868 1761; x_wconf 79' lang='lat' dir='ltr'><strong>advenirent</strong></span> <span class='ocrx_word' id='word_1_85' title='bbox 883 1713 1041 1762; x_wconf 77' lang='lat' dir='ltr'><strong>statuminari</strong></span> <span class='ocrx_word' id='word_1_86' title='bbox 1054 1713 1286 1772; x_wconf 80' lang='lat' dir='ltr'><strong>intrinsecassoetcre</strong></span> 
     </span>
     <span class='ocr_line' id='line_1_14' title="bbox 182 1776 1286 1841; baseline 0.001 -15"><span class='ocrx_word' id='word_1_87' title='bbox 182 1778 250 1826; x_wconf 81' lang='lat' dir='ltr'><strong>tiliae</strong></span> <span class='ocrx_word' id='word_1_88' title='bbox 266 1777 340 1840; x_wconf 86' lang='lat' dir='ltr'><strong>vasis,</strong></span> <span class='ocrx_word' id='word_1_89' title='bbox 357 1792 388 1826; x_wconf 74' lang='lat' dir='ltr'><strong>aa</strong></span> <span class='ocrx_word' id='word_1_90' title='bbox 404 1781 472 1840; x_wconf 76' lang='lat' dir='ltr'><strong>ports</strong></span> <span class='ocrx_word' id='word_1_91' title='bbox 490 1779 545 1840; x_wconf 85' lang='lat' dir='ltr'><strong>qais</strong></span> <span class='ocrx_word' id='word_1_92' title='bbox 561 1777 669 1838; x_wconf 67' lang='lat' dir='ltr'><strong>emetur</strong></span> <span class='ocrx_word' id='word_1_93' title='bbox 686 1776 749 1826; x_wconf 88' lang='lat' dir='ltr'><strong>illud</strong></span> <span class='ocrx_word' id='word_1_94' title='bbox 770 1791 815 1826; x_wconf 81' lang='lat' dir='ltr'><strong>ves</strong></span> <span class='ocrx_word' id='word_1_95' title='bbox 838 1791 887 1826; x_wconf 84' lang='lat' dir='ltr'><strong>erae</strong></span> <span class='ocrx_word' id='word_1_96' title='bbox 896 1778 1043 1840; x_wconf 80' lang='lat' dir='ltr'><strong>perscrutans</strong></span> <span class='ocrx_word' id='word_1_97' title='bbox 1060 1781 1084 1825; x_wconf 84' lang='lat' dir='ltr'><strong>et</strong></span> <span class='ocrx_word' id='word_1_98' title='bbox 1097 1777 1183 1841; x_wconf 74' lang='lat' dir='ltr'><strong>fluere,</strong></span> <span class='ocrx_word' id='word_1_99' title='bbox 1199 1779 1237 1826; x_wconf 89' lang='lat' dir='ltr'><strong>its</strong></span> <span class='ocrx_word' id='word_1_100' title='bbox 1255 1783 1286 1828; x_wconf 88' lang='lat' dir='ltr'><strong>ut</strong></span> 
     </span>
     <span class='ocr_line' id='line_1_15' title="bbox 182 1840 1286 1904; baseline 0 -14"><span class='ocrx_word' id='word_1_101' title='bbox 182 1843 247 1890; x_wconf 78' lang='lat' dir='ltr'><strong>satio</strong></span> <span class='ocrx_word' id='word_1_102' title='bbox 257 1843 322 1890; x_wconf 85' lang='lat' dir='ltr'><strong>rnodn</strong></span> <span class='ocrx_word' id='word_1_103' title='bbox 340 1855 443 1902; x_wconf 80' lang='lat' dir='ltr'><strong>usqassr</strong></span> <span class='ocrx_word' id='word_1_104' title='bbox 453 1842 528 1903; x_wconf 79' lang='lat' dir='ltr'><strong>quiret</strong></span> <span class='ocrx_word' id='word_1_105' title='bbox 541 1842 647 1904; x_wconf 84' lang='lat' dir='ltr'><strong>impleri:</strong></span> <span class='ocrx_word' id='word_1_106' title='bbox 664 1855 695 1889; x_wconf 73' lang='lat' dir='ltr'><strong>ea</strong></span> <span class='ocrx_word' id='word_1_107' title='bbox 711 1845 780 1904; x_wconf 85' lang='lat' dir='ltr'><strong>ports</strong></span> <span class='ocrx_word' id='word_1_108' title='bbox 791 1842 846 1903; x_wconf 77' lang='lat' dir='ltr'><strong>quic</strong></span> <span class='ocrx_word' id='word_1_109' title='bbox 861 1841 955 1890; x_wconf 81' lang='lat' dir='ltr'><strong>videdat</strong></span> <span class='ocrx_word' id='word_1_110' title='bbox 974 1840 1037 1889; x_wconf 88' lang='lat' dir='ltr'><strong>illrrd</strong></span> <span class='ocrx_word' id='word_1_111' title='bbox 1060 1855 1105 1890; x_wconf 86' lang='lat' dir='ltr'><strong>vas</strong></span> <span class='ocrx_word' id='word_1_112' title='bbox 1119 1842 1286 1891; x_wconf 80' lang='lat' dir='ltr'><strong>commaculare</strong></span> 
     </span>
     <span class='ocr_line' id='line_1_16' title="bbox 181 1904 1285 1969; baseline 0 -14"><span class='ocrx_word' id='word_1_113' title='bbox 181 1919 229 1956; x_wconf 88' lang='lat' dir='ltr'><strong>sue</strong></span> <span class='ocrx_word' id='word_1_114' title='bbox 241 1904 333 1955; x_wconf 79' lang='lat' dir='ltr'><strong>soetido</strong></span> <span class='ocrx_word' id='word_1_115' title='bbox 344 1908 415 1954; x_wconf 85' lang='lat' dir='ltr'><strong>odere</strong></span> <span class='ocrx_word' id='word_1_116' title='bbox 433 1910 586 1966; x_wconf 68' lang='lat' dir='ltr'><strong>rescindas,</strong></span> <span class='ocrx_word' id='word_1_117' title='bbox 602 1920 659 1969; x_wconf 82' lang='lat' dir='ltr'><strong>qaas</strong></span> <span class='ocrx_word' id='word_1_118' title='bbox 673 1905 814 1954; x_wconf 75' lang='lat' dir='ltr'><strong>intrinsecas</strong></span> <span class='ocrx_word' id='word_1_119' title='bbox 829 1911 958 1966; x_wconf 77' lang='lat' dir='ltr'><strong>streperet.</strong></span> <span class='ocrx_word' id='word_1_120' title='bbox 992 1905 1059 1966; x_wconf 73' lang='lat' dir='ltr'><strong>Ergo</strong></span> <span class='ocrx_word' id='word_1_121' title='bbox 1070 1906 1197 1968; x_wconf 56' lang='lat' dir='ltr'><strong>carimde</strong></span> <span class='ocrx_word' id='word_1_122' title='bbox 1206 1905 1285 1955; x_wconf 71' lang='lat' dir='ltr'><strong>seso</strong></span> 
     </span>
     <span class='ocr_line' id='line_1_17' title="bbox 180 1968 1285 2033; baseline -0.001 -13"><span class='ocrx_word' id='word_1_123' title='bbox 180 1971 235 2022; x_wconf 87' lang='lat' dir='ltr'><strong>auis</strong></span> <span class='ocrx_word' id='word_1_124' title='bbox 244 1971 317 2020; x_wconf 80' lang='lat' dir='ltr'><strong>stlrrit</strong></span> <span class='ocrx_word' id='word_1_125' title='bbox 325 1969 562 2032; x_wconf 71' lang='lat' dir='ltr'><strong>neateslrominum,</strong></span> <span class='ocrx_word' id='word_1_126' title='bbox 571 1976 594 2019; x_wconf 83' lang='lat' dir='ltr'><strong>et</strong></span> <span class='ocrx_word' id='word_1_127' title='bbox 603 1968 683 2032; x_wconf 83' lang='lat' dir='ltr'><strong>pessit</strong></span> <span class='ocrx_word' id='word_1_128' title='bbox 695 1971 787 2018; x_wconf 76' lang='lat' dir='ltr'><strong>assum</strong></span> <span class='ocrx_word' id='word_1_129' title='bbox 796 1969 923 2032; x_wconf 73' lang='lat' dir='ltr'><strong>cupidinis,</strong></span> <span class='ocrx_word' id='word_1_130' title='bbox 932 1974 957 2018; x_wconf 85' lang='lat' dir='ltr'><strong>et</strong></span> <span class='ocrx_word' id='word_1_131' title='bbox 968 1977 1043 2018; x_wconf 81' lang='lat' dir='ltr'><strong>aretas</strong></span> <span class='ocrx_word' id='word_1_132' title='bbox 1054 1983 1158 2029; x_wconf 85' lang='lat' dir='ltr'><strong>eorum;</strong></span> <span class='ocrx_word' id='word_1_133' title='bbox 1175 1975 1200 2019; x_wconf 86' lang='lat' dir='ltr'><strong>et</strong></span> <span class='ocrx_word' id='word_1_134' title='bbox 1210 1971 1285 2033; x_wconf 78' lang='lat' dir='ltr'><strong>expli-</strong></span> 
     </span>
    </p>
   </div>
   <div class='ocr_carea' id='block_1_4' title="bbox 178 2203 1285 2528">
    <p class='ocr_par' dir='ltr' id='par_1_4' title="bbox 178 2203 1285 2528">
     <span class='ocr_line' id='line_1_18' title="bbox 182 2203 1285 2270; baseline -0.001 -15"><span class='ocrx_word' id='word_1_135' title='bbox 182 2205 252 2256; x_wconf 65' lang='grc' dir='ltr'><strong>Μαι.</strong></span> <span class='ocrx_word' id='word_1_136' title='bbox 262 2205 294 2255; x_wconf 86' lang='grc' dir='ltr'><strong>Β.</strong></span> <span class='ocrx_word' id='word_1_137' title='bbox 306 2211 330 2256; x_wconf 92' lang='lat' dir='ltr'><strong>l.</strong></span> <span class='ocrx_word' id='word_1_138' title='bbox 342 2209 366 2256; x_wconf 79' lang='grc'><strong>8.</strong></span> <span class='ocrx_word' id='word_1_139' title='bbox 379 2210 403 2255; x_wconf 94' lang='grc'><strong>8.</strong></span> <span class='ocrx_word' id='word_1_140' title='bbox 416 2205 492 2256; x_wconf 85' lang='lat' dir='ltr'><strong>Cant.</strong></span> <span class='ocrx_word' id='word_1_141' title='bbox 507 2207 580 2256; x_wconf 82' lang='lat' dir='ltr'><strong>l&#39;err.</strong></span> <span class='ocrx_word' id='word_1_142' title='bbox 595 2207 684 2255; x_wconf 74' lang='lat' dir='ltr'><strong>sercin</strong></span> <span class='ocrx_word' id='word_1_143' title='bbox 696 2205 864 2270; x_wconf 84' lang='lat' dir='ltr'><strong>reliqui.-lti</strong></span> <span class='ocrx_word' id='word_1_144' title='bbox 882 2203 1006 2267; x_wconf 77' lang='lat' dir='ltr'><strong>intellegit</strong></span> <span class='ocrx_word' id='word_1_145' title='bbox 1016 2205 1091 2254; x_wconf 89' lang='lat' dir='ltr'><strong>Voss.</strong></span> <span class='ocrx_word' id='word_1_146' title='bbox 1103 2210 1156 2254; x_wconf 83' lang='lat' dir='ltr'><strong>vet.</strong></span> <span class='ocrx_word' id='word_1_147' title='bbox 1170 2210 1197 2254; x_wconf 84' lang='lat' dir='ltr'><strong>et</strong></span> <span class='ocrx_word' id='word_1_148' title='bbox 1212 2205 1241 2255; x_wconf 81' lang='lat' dir='ltr'><strong>L.</strong></span> <span class='ocrx_word' id='word_1_149' title='bbox 1253 2206 1285 2254; x_wconf 87' lang='lat' dir='ltr'><strong>B.</strong></span> 
     </span>
     <span class='ocr_line' id='line_1_19' title="bbox 181 2267 1285 2334; baseline 0 -14"><span class='ocrx_word' id='word_1_150' title='bbox 181 2271 242 2320; x_wconf 76' lang='lat' dir='ltr'><strong>Sus.</strong></span> <span class='ocrx_word' id='word_1_151' title='bbox 256 2270 378 2334; x_wconf 76' lang='lat' dir='ltr'><strong>intelligit</strong></span> <span class='ocrx_word' id='word_1_152' title='bbox 394 2269 472 2320; x_wconf 82' lang='lat' dir='ltr'><strong>Viurl.</strong></span> <span class='ocrx_word' id='word_1_153' title='bbox 486 2267 518 2320; x_wconf 83' lang='lat' dir='ltr'><strong>V.</strong></span> <span class='ocrx_word' id='word_1_154' title='bbox 536 2269 579 2320; x_wconf 86' lang='lat' dir='ltr'><strong>ed.</strong></span> <span class='ocrx_word' id='word_1_155' title='bbox 591 2271 638 2318; x_wconf 79' lang='lat' dir='ltr'><strong>un.</strong></span> <span class='ocrx_word' id='word_1_156' title='bbox 657 2271 705 2320; x_wconf 83' lang='lat' dir='ltr'><strong>Rs.</strong></span> <span class='ocrx_word' id='word_1_157' title='bbox 722 2271 791 2320; x_wconf 77' lang='lat' dir='ltr'><strong>Mire.</strong></span> <span class='ocrx_word' id='word_1_158' title='bbox 808 2271 840 2320; x_wconf 90' lang='lat' dir='ltr'><strong>B.</strong></span> <span class='ocrx_word' id='word_1_159' title='bbox 852 2274 877 2318; x_wconf 78' lang='grc'><strong>8.</strong></span> <span class='ocrx_word' id='word_1_160' title='bbox 890 2274 914 2319; x_wconf 84' lang='grc'><strong>8.</strong></span> <span class='ocrx_word' id='word_1_161' title='bbox 927 2271 1004 2320; x_wconf 84' lang='lat' dir='ltr'><strong>Ceut.</strong></span> <span class='ocrx_word' id='word_1_162' title='bbox 1016 2269 1140 2319; x_wconf 72' lang='lat' dir='ltr'><strong>intellexit</strong></span> <span class='ocrx_word' id='word_1_163' title='bbox 1160 2269 1230 2332; x_wconf 76' lang='lat' dir='ltr'><strong>vulg.</strong></span> <span class='ocrx_word' id='word_1_164' title='bbox 1242 2269 1285 2331; x_wconf 80' lang='lat' dir='ltr'><strong>soa</strong></span> 
     </span>
     <span class='ocr_line' id='line_1_20' title="bbox 178 2333 1285 2397; baseline 0.005 -16"><span class='ocrx_word' id='word_1_165' title='bbox 178 2335 260 2384; x_wconf 74' lang='lat' dir='ltr'><strong>vind.</strong></span> <span class='ocrx_word' id='word_1_166' title='bbox 273 2335 304 2385; x_wconf 88' lang='lat' dir='ltr'><strong>V.</strong></span> <span class='ocrx_word' id='word_1_167' title='bbox 319 2336 361 2383; x_wconf 90' lang='lat' dir='ltr'><strong>ed.</strong></span> <span class='ocrx_word' id='word_1_168' title='bbox 372 2335 441 2384; x_wconf 84' lang='lat' dir='ltr'><strong>Mus.</strong></span> <span class='ocrx_word' id='word_1_169' title='bbox 452 2335 483 2384; x_wconf 86' lang='grc' dir='ltr'><strong>Β.</strong></span> <span class='ocrx_word' id='word_1_170' title='bbox 496 2339 519 2383; x_wconf 92' lang='lat' dir='ltr'><strong>l.</strong></span> <span class='ocrx_word' id='word_1_171' title='bbox 531 2338 555 2383; x_wconf 79' lang='lat'><strong>2.</strong></span> <span class='ocrx_word' id='word_1_172' title='bbox 572 2337 597 2383; x_wconf 84' lang='lat' dir='ltr'><strong>e.</strong></span> <span class='ocrx_word' id='word_1_173' title='bbox 609 2335 685 2383; x_wconf 84' lang='lat' dir='ltr'><strong>Cant.</strong></span> <span class='ocrx_word' id='word_1_174' title='bbox 696 2333 768 2384; x_wconf 80' lang='lat' dir='ltr'><strong>Fere.</strong></span> <span class='ocrx_word' id='word_1_175' title='bbox 778 2334 828 2384; x_wconf 87' lang='lat' dir='ltr'><strong>Th.</strong></span> <span class='ocrx_word' id='word_1_176' title='bbox 840 2334 952 2384; x_wconf 73' lang='lat' dir='ltr'><strong>ltu-rr</strong></span> <span class='ocrx_word' id='word_1_177' title='bbox 971 2334 1060 2382; x_wconf 85' lang='lat' dir='ltr'><strong>Omnis</strong></span> <span class='ocrx_word' id='word_1_178' title='bbox 1079 2349 1131 2397; x_wconf 81' lang='lat' dir='ltr'><strong>quoe</strong></span> <span class='ocrx_word' id='word_1_179' title='bbox 1149 2334 1222 2383; x_wconf 79' lang='lat' dir='ltr'><strong>Ferr.</strong></span> <span class='ocrx_word' id='word_1_180' title='bbox 1238 2335 1285 2386; x_wconf 76' lang='lat' dir='ltr'><strong>Th.</strong></span> 
     </span>
     <span class='ocr_line' id='line_1_21' title="bbox 180 2397 1284 2462; baseline -0.002 -13"><span class='ocrx_word' id='word_1_181' title='bbox 180 2398 297 2449; x_wconf 69' lang='lat' dir='ltr'><strong>rte-rs</strong></span> <span class='ocrx_word' id='word_1_182' title='bbox 307 2398 379 2458; x_wconf 80' lang='lat' dir='ltr'><strong>soros</strong></span> <span class='ocrx_word' id='word_1_183' title='bbox 390 2399 464 2449; x_wconf 85' lang='lat' dir='ltr'><strong>Voss.</strong></span> <span class='ocrx_word' id='word_1_184' title='bbox 479 2402 599 2448; x_wconf 60' lang='lat' dir='ltr'><strong>rete-²⁰</strong></span> <span class='ocrx_word' id='word_1_185' title='bbox 619 2399 647 2447; x_wconf 81' lang='lat' dir='ltr'><strong>la</strong></span> <span class='ocrx_word' id='word_1_186' title='bbox 660 2399 692 2448; x_wconf 90' lang='lat' dir='ltr'><strong>P.</strong></span> <span class='ocrx_word' id='word_1_187' title='bbox 704 2405 760 2448; x_wconf 84' lang='lat' dir='ltr'><strong>ente</strong></span> <span class='ocrx_word' id='word_1_188' title='bbox 774 2413 821 2460; x_wconf 91' lang='lat' dir='ltr'><strong>pro</strong></span> <span class='ocrx_word' id='word_1_189' title='bbox 832 2413 932 2462; x_wconf 84' lang='lat' dir='ltr'><strong>anqacsn</strong></span> <span class='ocrx_word' id='word_1_190' title='bbox 945 2397 1015 2448; x_wconf 85' lang='lat' dir='ltr'><strong>Mne.</strong></span> <span class='ocrx_word' id='word_1_191' title='bbox 1026 2398 1057 2446; x_wconf 90' lang='lat' dir='ltr'><strong>B.</strong></span> <span class='ocrx_word' id='word_1_192' title='bbox 1068 2402 1157 2448; x_wconf 76' lang='lat' dir='ltr'><strong>l.—2l</strong></span> <span class='ocrx_word' id='word_1_193' title='bbox 1176 2401 1240 2446; x_wconf 86' lang='lat' dir='ltr'><strong>retro</strong></span> <span class='ocrx_word' id='word_1_194' title='bbox 1250 2397 1284 2447; x_wconf 88' lang='lat' dir='ltr'><strong>V.</strong></span> 
     </span>
     <span class='ocr_line' id='line_1_22' title="bbox 178 2462 1285 2528; baseline -0.002 -16"><span class='ocrx_word' id='word_1_195' title='bbox 178 2462 223 2514; x_wconf 83' lang='lat' dir='ltr'><strong>ed.</strong></span> <span class='ocrx_word' id='word_1_196' title='bbox 234 2464 282 2512; x_wconf 74' lang='grc' dir='ltr'><strong>Ἧι.</strong></span> <span class='ocrx_word' id='word_1_197' title='bbox 293 2465 406 2512; x_wconf 72' lang='lat' dir='ltr'><strong>lia—2²</strong></span> <span class='ocrx_word' id='word_1_198' title='bbox 417 2463 541 2514; x_wconf 74' lang='lat' dir='ltr'><strong>comedunt</strong></span> <span class='ocrx_word' id='word_1_199' title='bbox 551 2463 676 2512; x_wconf 68' lang='lat' dir='ltr'><strong>Sua-24</strong></span> <span class='ocrx_word' id='word_1_200' title='bbox 688 2463 818 2525; x_wconf 75' lang='lat' dir='ltr'><strong>torpedinis</strong></span> <span class='ocrx_word' id='word_1_201' title='bbox 829 2462 920 2512; x_wconf 83' lang='lat' dir='ltr'><strong>Heius.</strong></span> <span class='ocrx_word' id='word_1_202' title='bbox 932 2463 1008 2512; x_wconf 83' lang='lat' dir='ltr'><strong>Voss.</strong></span> <span class='ocrx_word' id='word_1_203' title='bbox 1020 2470 1073 2510; x_wconf 84' lang='lat' dir='ltr'><strong>vet.</strong></span> <span class='ocrx_word' id='word_1_204' title='bbox 1085 2463 1218 2528; x_wconf 83' lang='lat' dir='ltr'><strong>cuppidinia</strong></span> <span class='ocrx_word' id='word_1_205' title='bbox 1228 2462 1285 2511; x_wconf 86' lang='lat' dir='ltr'><strong>Sus.</strong></span> 
     </span>
    </p>
   </div>
   <div class='ocr_carea' id='block_1_5' title="bbox 179 2525 1284 2722">
    <p class='ocr_par' dir='ltr' id='par_1_5' title="bbox 179 2525 1284 2722">
     <span class='ocr_line' id='line_1_23' title="bbox 179 2525 1284 2591; baseline 0.001 -15"><span class='ocrx_word' id='word_1_206' title='bbox 179 2527 300 2591; x_wconf 78' lang='lat' dir='ltr'><strong>cupidinis</strong></span> <span class='ocrx_word' id='word_1_207' title='bbox 310 2527 344 2579; x_wconf 85' lang='lat' dir='ltr'><strong>V.</strong></span> <span class='ocrx_word' id='word_1_208' title='bbox 356 2527 400 2576; x_wconf 84' lang='lat' dir='ltr'><strong>ed.</strong></span> <span class='ocrx_word' id='word_1_209' title='bbox 416 2527 463 2578; x_wconf 85' lang='lat' dir='ltr'><strong>Tlr.</strong></span> <span class='ocrx_word' id='word_1_210' title='bbox 476 2527 523 2577; x_wconf 84' lang='lat' dir='ltr'><strong>Ra.</strong></span> <span class='ocrx_word' id='word_1_211' title='bbox 535 2526 612 2576; x_wconf 78' lang='lat' dir='ltr'><strong>vinu.</strong></span> <span class='ocrx_word' id='word_1_212' title='bbox 625 2526 657 2577; x_wconf 92' lang='lat'><strong>0.</strong></span> <span class='ocrx_word' id='word_1_213' title='bbox 668 2528 738 2576; x_wconf 87' lang='lat' dir='ltr'><strong>Mus.</strong></span> <span class='ocrx_word' id='word_1_214' title='bbox 750 2527 782 2578; x_wconf 86' lang='lat' dir='ltr'><strong>D.</strong></span> <span class='ocrx_word' id='word_1_215' title='bbox 801 2532 825 2577; x_wconf 73' lang='grc'><strong>8.</strong></span> <span class='ocrx_word' id='word_1_216' title='bbox 836 2526 957 2590; x_wconf 70' lang='lat' dir='ltr'><strong>cupidinis</strong></span> <span class='ocrx_word' id='word_1_217' title='bbox 967 2527 999 2577; x_wconf 88' lang='lat' dir='ltr'><strong>P.</strong></span> <span class='ocrx_word' id='word_1_218' title='bbox 1019 2527 1089 2576; x_wconf 84' lang='lat' dir='ltr'><strong>Mus.</strong></span> <span class='ocrx_word' id='word_1_219' title='bbox 1098 2528 1130 2578; x_wconf 90' lang='lat' dir='ltr'><strong>B.</strong></span> <span class='ocrx_word' id='word_1_220' title='bbox 1149 2532 1172 2577; x_wconf 90' lang='lat' dir='ltr'><strong>l.</strong></span> <span class='ocrx_word' id='word_1_221' title='bbox 1186 2531 1210 2577; x_wconf 88' lang='grc'><strong>8.</strong></span> <span class='ocrx_word' id='word_1_222' title='bbox 1222 2525 1284 2577; x_wconf 79' lang='lat' dir='ltr'><strong>Ald.</strong></span> 
     </span>
     <span class='ocr_line' id='line_1_24' title="bbox 684 2671 791 2722; baseline 0.009 -1"><span class='ocrx_word' id='word_1_223' title='bbox 684 2671 791 2722; x_wconf 81' lang='lat' dir='ltr'>NOTAE</span> 
     </span>
    </p>
   </div>
   <div class='ocr_carea' id='block_1_6' title="bbox 180 2781 1287 4307">
    <p class='ocr_par' dir='ltr' id='par_1_6' title="bbox 180 2781 1287 4307">
     <span class='ocr_line' id='line_1_25' title="bbox 217 2781 1078 2850; baseline 0 -16"><span class='ocrx_word' id='word_1_224' title='bbox 217 2788 250 2834; x_wconf 78' lang='grc'><strong>18</strong></span> <span class='ocrx_word' id='word_1_225' title='bbox 269 2783 329 2849; x_wconf 80' lang='lat' dir='ltr'><strong>Vas]</strong></span> <span class='ocrx_word' id='word_1_226' title='bbox 350 2781 491 2833; x_wconf 85' lang='lat' dir='ltr'><strong>Hominum</strong></span> <span class='ocrx_word' id='word_1_227' title='bbox 508 2789 630 2846; x_wconf 82' lang='lat' dir='ltr'><strong>mentem,</strong></span> <span class='ocrx_word' id='word_1_228' title='bbox 640 2797 716 2848; x_wconf 84' lang='lat' dir='ltr'><strong>quam</strong></span> <span class='ocrx_word' id='word_1_229' title='bbox 757 2798 926 2850; x_wconf 78' lang='lat' dir='ltr'><strong>quaecumque</strong></span> <span class='ocrx_word' id='word_1_230' title='bbox 936 2785 1078 2834; x_wconf 87' lang='lat' dir='ltr'><strong>commoda.</strong></span> 
     </span>
     <span class='ocr_line' id='line_1_26' title="bbox 180 2857 1285 2923; baseline -0.001 -14"><span class='ocrx_word' id='word_1_231' title='bbox 180 2862 237 2912; x_wconf 84' lang='lat' dir='ltr'><strong>assi</strong></span> <span class='ocrx_word' id='word_1_232' title='bbox 263 2867 406 2923; x_wconf 87' lang='lat' dir='ltr'><strong>comparat.</strong></span> <span class='ocrx_word' id='word_1_233' title='bbox 438 2860 598 2911; x_wconf 80' lang='lat' dir='ltr'><strong>sicutenim</strong></span> <span class='ocrx_word' id='word_1_234' title='bbox 621 2875 675 2921; x_wconf 81' lang='lat' dir='ltr'><strong>ras,</strong></span> <span class='ocrx_word' id='word_1_235' title='bbox 693 2861 715 2910; x_wconf 90' lang='lat' dir='ltr'><strong>si</strong></span> <span class='ocrx_word' id='word_1_236' title='bbox 789 2863 820 2909; x_wconf 80' lang='lat' dir='ltr'><strong>ts</strong></span> <span class='ocrx_word' id='word_1_237' title='bbox 830 2859 942 2922; x_wconf 66' lang='lat' dir='ltr'><strong>Flauus]</strong></span> <span class='ocrx_word' id='word_1_238' title='bbox 955 2857 1130 2910; x_wconf 79' lang='lat' dir='ltr'><strong>perforatum.</strong></span> <span class='ocrx_word' id='word_1_239' title='bbox 1147 2858 1231 2910; x_wconf 78' lang='lat' dir='ltr'><strong>Quale</strong></span> <span class='ocrx_word' id='word_1_240' title='bbox 1239 2857 1285 2908; x_wconf 82' lang='lat' dir='ltr'><strong>fin·</strong></span> 
     </span>
     <span class='ocr_line' id='line_1_27' title="bbox 181 2934 1285 3000; baseline 0 -14"><span class='ocrx_word' id='word_1_241' title='bbox 181 2936 265 2986; x_wconf 87' lang='lat' dir='ltr'><strong>semel</strong></span> <span class='ocrx_word' id='word_1_242' title='bbox 276 2937 341 2985; x_wconf 86' lang='lat' dir='ltr'><strong>male</strong></span> <span class='ocrx_word' id='word_1_243' title='bbox 361 2937 442 2988; x_wconf 88' lang='lat' dir='ltr'><strong>olenti</strong></span> <span class='ocrx_word' id='word_1_244' title='bbox 458 2950 549 3000; x_wconf 86' lang='lat' dir='ltr'><strong>sapore</strong></span> <span class='ocrx_word' id='word_1_245' title='bbox 565 2935 615 2986; x_wconf 82' lang='lat' dir='ltr'><strong>suit</strong></span> <span class='ocrx_word' id='word_1_246' title='bbox 634 2934 716 2985; x_wconf 79' lang='lat' dir='ltr'><strong>rmus·</strong></span> <span class='ocrx_word' id='word_1_247' title='bbox 756 2935 981 2998; x_wconf 70' lang='lat' dir='ltr'><strong>gitnrDansidum</strong></span> <span class='ocrx_word' id='word_1_248' title='bbox 993 2935 1099 2984; x_wconf 90' lang='lat' dir='ltr'><strong>dolium.</strong></span> <span class='ocrx_word' id='word_1_249' title='bbox 1123 2937 1285 2988; x_wconf 64' lang='lat' dir='ltr'><strong>Sinuessa.</strong></span> 
     </span>
     <span class='ocr_line' id='line_1_28' title="bbox 181 3008 1287 3078; baseline -0.002 -15"><span class='ocrx_word' id='word_1_250' title='bbox 181 3021 251 3075; x_wconf 83' lang='lat' dir='ltr'><strong>tum,</strong></span> <span class='ocrx_word' id='word_1_251' title='bbox 269 3013 412 3077; x_wconf 81' lang='lat' dir='ltr'><strong>corrumpit</strong></span> <span class='ocrx_word' id='word_1_252' title='bbox 429 3013 541 3077; x_wconf 84' lang='lat' dir='ltr'><strong>liquores</strong></span> <span class='ocrx_word' id='word_1_253' title='bbox 561 3027 623 3078; x_wconf 83' lang='lat' dir='ltr'><strong>quos</strong></span> <span class='ocrx_word' id='word_1_254' title='bbox 646 3013 715 3063; x_wconf 86' lang='lat' dir='ltr'><strong>intus</strong></span> <span class='ocrx_word' id='word_1_255' title='bbox 787 3014 819 3059; x_wconf 72' lang='lat'><strong>2⁰</strong></span> <span class='ocrx_word' id='word_1_256' title='bbox 838 3008 977 3072; x_wconf 78' lang='lat' dir='ltr'><strong>Erepisrier]</strong></span> <span class='ocrx_word' id='word_1_257' title='bbox 989 3009 1108 3059; x_wconf 64' lang='lat' dir='ltr'><strong>vettius</strong></span> <span class='ocrx_word' id='word_1_258' title='bbox 1119 3025 1167 3074; x_wconf 91' lang='lat' dir='ltr'><strong>pro</strong></span> <span class='ocrx_word' id='word_1_259' title='bbox 1178 3012 1287 3075; x_wconf 84' lang='lat' dir='ltr'><strong>expleri.</strong></span> 
     </span>
     <span class='ocr_line' id='line_1_29' title="bbox 181 3087 1284 3154; baseline 0.004 -15"><span class='ocrx_word' id='word_1_260' title='bbox 181 3089 294 3152; x_wconf 84' lang='lat' dir='ltr'><strong>recipit;</strong></span> <span class='ocrx_word' id='word_1_261' title='bbox 319 3089 366 3148; x_wconf 88' lang='lat' dir='ltr'><strong>ita,</strong></span> <span class='ocrx_word' id='word_1_262' title='bbox 385 3087 446 3152; x_wconf 88' lang='lat' dir='ltr'><strong>quia</strong></span> <span class='ocrx_word' id='word_1_263' title='bbox 465 3087 575 3153; x_wconf 88' lang='lat' dir='ltr'><strong>primum</strong></span> <span class='ocrx_word' id='word_1_264' title='bbox 592 3089 715 3138; x_wconf 78' lang='lat' dir='ltr'><strong>mortales</strong></span> <span class='ocrx_word' id='word_1_265' title='bbox 787 3093 818 3139; x_wconf 75' lang='lat'><strong>21</strong></span> <span class='ocrx_word' id='word_1_266' title='bbox 828 3091 937 3154; x_wconf 82' lang='lat' dir='ltr'><strong>Partim,</strong></span> <span class='ocrx_word' id='word_1_267' title='bbox 948 3092 1008 3154; x_wconf 82' lang='lat' dir='ltr'><strong>quud</strong></span> <span class='ocrx_word' id='word_1_268' title='bbox 1018 3089 1148 3154; x_wconf 62' lang='lat' dir='ltr'><strong>terrain]</strong></span> <span class='ocrx_word' id='word_1_269' title='bbox 1164 3091 1208 3140; x_wconf 85' lang='lat' dir='ltr'><strong>Sic</strong></span> <span class='ocrx_word' id='word_1_270' title='bbox 1219 3089 1284 3144; x_wconf 87' lang='lat' dir='ltr'><strong>Hor.</strong></span> 
     </span>
     <span class='ocr_line' id='line_1_30' title="bbox 182 3164 1285 3229; baseline 0 -13"><span class='ocrx_word' id='word_1_271' title='bbox 182 3181 217 3216; x_wconf 83' lang='lat' dir='ltr'><strong>es</strong></span> <span class='ocrx_word' id='word_1_272' title='bbox 229 3179 316 3216; x_wconf 79' lang='lat' dir='ltr'><strong>rerunt</strong></span> <span class='ocrx_word' id='word_1_273' title='bbox 334 3166 496 3229; x_wconf 80' lang='lat' dir='ltr'><strong>ignoratione</strong></span> <span class='ocrx_word' id='word_1_274' title='bbox 511 3165 560 3216; x_wconf 90' lang='lat' dir='ltr'><strong>sibi</strong></span> <span class='ocrx_word' id='word_1_275' title='bbox 580 3165 605 3214; x_wconf 92' lang='lat' dir='ltr'><strong>in</strong></span> <span class='ocrx_word' id='word_1_276' title='bbox 618 3165 715 3215; x_wconf 88' lang='lat' dir='ltr'><strong>animos</strong></span> <span class='ocrx_word' id='word_1_277' title='bbox 756 3164 839 3228; x_wconf 84' lang='lat' dir='ltr'><strong>Epist.</strong></span> <span class='ocrx_word' id='word_1_278' title='bbox 858 3180 877 3214; x_wconf 89' lang='lat' dir='ltr'><strong>r.</strong></span> <span class='ocrx_word' id='word_1_279' title='bbox 895 3169 919 3215; x_wconf 74' lang='lat'><strong>2.</strong></span> <span class='ocrx_word' id='word_1_280' title='bbox 951 3165 1102 3215; x_wconf 77' lang='lat' dir='ltr'><strong>‘sincerum</strong></span> <span class='ocrx_word' id='word_1_281' title='bbox 1120 3171 1161 3215; x_wconf 88' lang='lat' dir='ltr'><strong>est</strong></span> <span class='ocrx_word' id='word_1_282' title='bbox 1172 3165 1220 3215; x_wconf 88' lang='lat' dir='ltr'><strong>nisi</strong></span> <span class='ocrx_word' id='word_1_283' title='bbox 1230 3180 1285 3229; x_wconf 81' lang='lat' dir='ltr'><strong>uas,</strong></span> 
     </span>
     <span class='ocr_line' id='line_1_31' title="bbox 180 3239 1188 3305; baseline -0.002 -14"><span class='ocrx_word' id='word_1_284' title='bbox 180 3243 349 3292; x_wconf 86' lang='lat' dir='ltr'><strong>incusserunt</strong></span> <span class='ocrx_word' id='word_1_285' title='bbox 376 3241 493 3291; x_wconf 85' lang='lat' dir='ltr'><strong>Deorum</strong></span> <span class='ocrx_word' id='word_1_286' title='bbox 521 3257 552 3292; x_wconf 88' lang='lat' dir='ltr'><strong>ae</strong></span> <span class='ocrx_word' id='word_1_287' title='bbox 583 3255 716 3305; x_wconf 80' lang='lat' dir='ltr'><strong>prunarum</strong></span> <span class='ocrx_word' id='word_1_288' title='bbox 756 3239 935 3305; x_wconf 83' lang='lat' dir='ltr'><strong>quodcumque</strong></span> <span class='ocrx_word' id='word_1_289' title='bbox 946 3239 1059 3290; x_wconf 78' lang='lat' dir='ltr'><strong>infundis</strong></span> <span class='ocrx_word' id='word_1_290' title='bbox 1071 3239 1188 3290; x_wconf 69' lang='lat' dir='ltr'><strong>acescit!</strong></span> 
     </span>
     <span class='ocr_line' id='line_1_32' title="bbox 182 3316 1171 3382; baseline 0 -16"><span class='ocrx_word' id='word_1_291' title='bbox 182 3325 366 3382; x_wconf 64' lang='lat' dir='ltr'><strong>postmortem</strong></span> <span class='ocrx_word' id='word_1_292' title='bbox 386 3325 494 3380; x_wconf 86' lang='lat' dir='ltr'><strong>metum,</strong></span> <span class='ocrx_word' id='word_1_293' title='bbox 513 3319 573 3372; x_wconf 86' lang='lat' dir='ltr'><strong>inde</strong></span> <span class='ocrx_word' id='word_1_294' title='bbox 585 3320 662 3368; x_wconf 86' lang='lat' dir='ltr'><strong>sitam</strong></span> <span class='ocrx_word' id='word_1_295' title='bbox 674 3333 716 3367; x_wconf 85' lang='lat' dir='ltr'><strong>ua·</strong></span> <span class='ocrx_word' id='word_1_296' title='bbox 789 3319 821 3365; x_wconf 73' lang='lat'><strong>2⁸</strong></span> <span class='ocrx_word' id='word_1_297' title='bbox 842 3317 968 3378; x_wconf 81' lang='lat' dir='ltr'><strong>Veridieis,</strong></span> <span class='ocrx_word' id='word_1_298' title='bbox 979 3317 1032 3380; x_wconf 69' lang='lat' dir='ltr'><strong>tre]</strong></span> <span class='ocrx_word' id='word_1_299' title='bbox 1047 3316 1091 3367; x_wconf 83' lang='lat' dir='ltr'><strong>Sic</strong></span> <span class='ocrx_word' id='word_1_300' title='bbox 1099 3331 1136 3366; x_wconf 86' lang='lat' dir='ltr'><strong>ss.</strong></span> <span class='ocrx_word' id='word_1_301' title='bbox 1146 3320 1171 3366; x_wconf 87' lang='lat'><strong>6.</strong></span> 
     </span>
     <span class='ocr_line' id='line_1_33' title="bbox 182 3391 1286 3459; baseline -0.003 -14"><span class='ocrx_word' id='word_1_302' title='bbox 182 3396 225 3446; x_wconf 83' lang='lat' dir='ltr'><strong>nis</strong></span> <span class='ocrx_word' id='word_1_303' title='bbox 247 3394 274 3444; x_wconf 86' lang='lat' dir='ltr'><strong>tn</strong></span> <span class='ocrx_word' id='word_1_304' title='bbox 289 3395 464 3446; x_wconf 73' lang='lat' dir='ltr'><strong>anxietatibus</strong></span> <span class='ocrx_word' id='word_1_305' title='bbox 483 3394 592 3459; x_wconf 75' lang='lat' dir='ltr'><strong>degunt,</strong></span> <span class='ocrx_word' id='word_1_306' title='bbox 616 3393 716 3443; x_wconf 86' lang='lat' dir='ltr'><strong>tristes·</strong></span> <span class='ocrx_word' id='word_1_307' title='bbox 786 3394 819 3441; x_wconf 72' lang='grc'><strong>84</strong></span> <span class='ocrx_word' id='word_1_308' title='bbox 839 3392 981 3456; x_wconf 77' lang='lat' dir='ltr'><strong>Tsupedisis</strong></span> <span class='ocrx_word' id='word_1_309' title='bbox 1001 3391 1160 3456; x_wconf 76' lang='lat' dir='ltr'><strong>[cuppedinis]</strong></span> <span class='ocrx_word' id='word_1_310' title='bbox 1181 3392 1286 3456; x_wconf 84' lang='lat' dir='ltr'><strong>Cupidi-</strong></span> 
     </span>
     <span class='ocr_line' id='line_1_34' title="bbox 181 3465 1283 3536; baseline 0 -18"><span class='ocrx_word' id='word_1_311' title='bbox 181 3469 619 3536; x_wconf 82' lang='lat' dir='ltr'><strong>qaecurasinnrentilruavolvunt.</strong></span> <span class='ocrx_word' id='word_1_312' title='bbox 645 3468 715 3519; x_wconf 82' lang='lat' dir='ltr'><strong>Quas</strong></span> <span class='ocrx_word' id='word_1_313' title='bbox 754 3465 802 3516; x_wconf 88' lang='lat' dir='ltr'><strong>uis.</strong></span> <span class='ocrx_word' id='word_1_314' title='bbox 836 3467 942 3517; x_wconf 84' lang='lat' dir='ltr'><strong>Dicitur</strong></span> <span class='ocrx_word' id='word_1_315' title='bbox 959 3468 1026 3517; x_wconf 90' lang='lat' dir='ltr'><strong>enlm</strong></span> <span class='ocrx_word' id='word_1_316' title='bbox 1039 3466 1283 3531; x_wconf 68' lang='lat' dir='ltr'><strong>Cupitqetcrrpe·</strong></span> 
     </span>
     <span class='ocr_line' id='line_1_35' title="bbox 181 3541 1284 3607; baseline -0.004 -11"><span class='ocrx_word' id='word_1_317' title='bbox 181 3557 262 3596; x_wconf 83' lang='lat' dir='ltr'><strong>curas</strong></span> <span class='ocrx_word' id='word_1_318' title='bbox 270 3550 299 3594; x_wconf 86' lang='lat' dir='ltr'><strong>et</strong></span> <span class='ocrx_word' id='word_1_319' title='bbox 309 3545 452 3596; x_wconf 72' lang='lat' dir='ltr'><strong>satietates</strong></span> <span class='ocrx_word' id='word_1_320' title='bbox 469 3543 559 3594; x_wconf 88' lang='lat' dir='ltr'><strong>animis</strong></span> <span class='ocrx_word' id='word_1_321' title='bbox 574 3545 715 3606; x_wconf 81' lang='lat' dir='ltr'><strong>solverent,</strong></span> <span class='ocrx_word' id='word_1_322' title='bbox 755 3541 808 3592; x_wconf 77' lang='lat' dir='ltr'><strong>dn:</strong></span> <span class='ocrx_word' id='word_1_323' title='bbox 826 3541 872 3591; x_wconf 89' lang='lat' dir='ltr'><strong>seri</strong></span> <span class='ocrx_word' id='word_1_324' title='bbox 884 3541 961 3592; x_wconf 91' lang='lat' dir='ltr'><strong>metri</strong></span> <span class='ocrx_word' id='word_1_325' title='bbox 972 3555 1049 3592; x_wconf 85' lang='lat' dir='ltr'><strong>causa</strong></span> <span class='ocrx_word' id='word_1_326' title='bbox 1060 3541 1195 3605; x_wconf 84' lang='lat' dir='ltr'><strong>Cuppedo.</strong></span> <span class='ocrx_word' id='word_1_327' title='bbox 1222 3543 1284 3607; x_wconf 84' lang='lat' dir='ltr'><strong>Epi·</strong></span> 
     </span>
     <span class='ocr_line' id='line_1_36' title="bbox 180 3615 1284 3687; baseline -0.002 -15"><span class='ocrx_word' id='word_1_328' title='bbox 180 3621 715 3687; x_wconf 81' lang='lat' dir='ltr'><strong>inquitLueretius,sinererintDeosnon</strong></span> <span class='ocrx_word' id='word_1_329' title='bbox 754 3631 832 3667; x_wconf 88' lang='lat' dir='ltr'><strong>eurus</strong></span> <span class='ocrx_word' id='word_1_330' title='bbox 846 3623 932 3668; x_wconf 86' lang='lat' dir='ltr'><strong>autem</strong></span> <span class='ocrx_word' id='word_1_331' title='bbox 949 3615 1107 3680; x_wconf 78' lang='lat' dir='ltr'><strong>cirpiditates</strong></span> <span class='ocrx_word' id='word_1_332' title='bbox 1127 3619 1284 3670; x_wconf 87' lang='lat' dir='ltr'><strong>necessitate</strong></span> 
     </span>
     <span class='ocr_line' id='line_1_37' title="bbox 181 3693 1285 3762; baseline -0.011 -12"><span class='ocrx_word' id='word_1_333' title='bbox 181 3696 714 3762; x_wconf 82' lang='lat' dir='ltr'><strong>resumessesnctores,mortemquenilril</strong></span> <span class='ocrx_word' id='word_1_334' title='bbox 755 3699 782 3743; x_wconf 91' lang='lat' dir='ltr'><strong>st</strong></span> <span class='ocrx_word' id='word_1_335' title='bbox 792 3699 887 3744; x_wconf 84' lang='lat' dir='ltr'><strong>natura</strong></span> <span class='ocrx_word' id='word_1_336' title='bbox 897 3693 1062 3744; x_wconf 85' lang='lat' dir='ltr'><strong>terminabat.</strong></span> <span class='ocrx_word' id='word_1_337' title='bbox 1095 3696 1285 3748; x_wconf 77' lang='lat' dir='ltr'><strong>Quarerone.</strong></span> 
     </span>
     <span class='ocr_line' id='line_1_38' title="bbox 180 3769 1285 3840; baseline -0.003 -15"><span class='ocrx_word' id='word_1_338' title='bbox 180 3775 216 3825; x_wconf 83' lang='lat' dir='ltr'><strong>ael</strong></span> <span class='ocrx_word' id='word_1_339' title='bbox 227 3775 299 3840; x_wconf 86' lang='lat' dir='ltr'><strong>ipsos</strong></span> <span class='ocrx_word' id='word_1_340' title='bbox 311 3775 454 3838; x_wconf 79' lang='lat' dir='ltr'><strong>pertineas.</strong></span> <span class='ocrx_word' id='word_1_341' title='bbox 486 3775 571 3839; x_wconf 82' lang='lat' dir='ltr'><strong>Impia</strong></span> <span class='ocrx_word' id='word_1_342' title='bbox 588 3785 714 3824; x_wconf 85' lang='lat' dir='ltr'><strong>sanasen-</strong></span> <span class='ocrx_word' id='word_1_343' title='bbox 755 3784 806 3835; x_wconf 88' lang='lat' dir='ltr'><strong>que</strong></span> <span class='ocrx_word' id='word_1_344' title='bbox 821 3769 982 3830; x_wconf 69' lang='lat' dir='ltr'><strong>necessaria,</strong></span> <span class='ocrx_word' id='word_1_345' title='bbox 998 3784 1082 3835; x_wconf 89' lang='lat' dir='ltr'><strong>neque</strong></span> <span class='ocrx_word' id='word_1_346' title='bbox 1100 3772 1230 3822; x_wconf 73' lang='lat' dir='ltr'><strong>naturales</strong></span> <span class='ocrx_word' id='word_1_347' title='bbox 1246 3786 1285 3822; x_wconf 91' lang='lat' dir='ltr'><strong>ea·</strong></span> 
     </span>
     <span class='ocr_line' id='line_1_39' title="bbox 182 3843 1283 3916; baseline -0.001 -17"><span class='ocrx_word' id='word_1_348' title='bbox 182 3853 401 3916; x_wconf 76' lang='lat' dir='ltr'><strong>taatia,utaaepe</strong></span> <span class='ocrx_word' id='word_1_349' title='bbox 410 3851 505 3900; x_wconf 87' lang='lat' dir='ltr'><strong>monui.</strong></span> <span class='ocrx_word' id='word_1_350' title='bbox 754 3851 823 3906; x_wconf 80' lang='lat' dir='ltr'><strong>sent,</strong></span> <span class='ocrx_word' id='word_1_351' title='bbox 841 3857 885 3894; x_wconf 86' lang='lat' dir='ltr'><strong>eas</strong></span> <span class='ocrx_word' id='word_1_352' title='bbox 906 3843 1010 3895; x_wconf 84' lang='lat' dir='ltr'><strong>dicebat</strong></span> <span class='ocrx_word' id='word_1_353' title='bbox 1027 3860 1085 3896; x_wconf 86' lang='lat' dir='ltr'><strong>esse</strong></span> <span class='ocrx_word' id='word_1_354' title='bbox 1106 3846 1226 3911; x_wconf 79' lang='lat' dir='ltr'><strong>infinitas,</strong></span> <span class='ocrx_word' id='word_1_355' title='bbox 1251 3863 1283 3898; x_wconf 91' lang='lat' dir='ltr'><strong>ac</strong></span> 
     </span>
     <span class='ocr_line' id='line_1_40' title="bbox 215 3919 1000 3990; baseline -0.011 -12"><span class='ocrx_word' id='word_1_356' title='bbox 215 3933 247 3978; x_wconf 82' lang='grc'><strong>17</strong></span> <span class='ocrx_word' id='word_1_357' title='bbox 266 3925 432 3990; x_wconf 73' lang='lat' dir='ltr'><strong>Goannpin]</strong></span> <span class='ocrx_word' id='word_1_358' title='bbox 467 3926 575 3977; x_wconf 84' lang='lat' dir='ltr'><strong>Poiitiee</strong></span> <span class='ocrx_word' id='word_1_359' title='bbox 596 3940 643 3990; x_wconf 90' lang='lat' dir='ltr'><strong>pro</strong></span> <span class='ocrx_word' id='word_1_360' title='bbox 659 3938 715 3976; x_wconf 88' lang='lat' dir='ltr'><strong>cor·</strong></span> <span class='ocrx_word' id='word_1_361' title='bbox 755 3919 1000 3970; x_wconf 86' lang='lat' dir='ltr'><strong>stultiscouvenire.</strong></span> 
     </span>
     <span class='ocr_line' id='line_1_41' title="bbox 183 3994 1283 4066; baseline -0.003 -15"><span class='ocrx_word' id='word_1_362' title='bbox 183 4003 280 4066; x_wconf 86' lang='lat' dir='ltr'><strong>rnnspi.</strong></span> <span class='ocrx_word' id='word_1_363' title='bbox 789 3994 903 4060; x_wconf 75' lang='lat' dir='ltr'><strong>limeris]</strong></span> <span class='ocrx_word' id='word_1_364' title='bbox 930 3995 1018 4049; x_wconf 84' lang='lat' dir='ltr'><strong>Finem</strong></span> <span class='ocrx_word' id='word_1_365' title='bbox 1030 3995 1283 4060; x_wconf 65' lang='lat' dir='ltr'><strong>tremescentem</strong></span> 
     </span>
     <span class='ocr_line' id='line_1_42' title="bbox 217 4073 1285 4141; baseline -0.003 -13"><span class='ocrx_word' id='word_1_366' title='bbox 217 4083 248 4130; x_wconf 77' lang='lat'><strong>18</strong></span> <span class='ocrx_word' id='word_1_367' title='bbox 261 4080 312 4128; x_wconf 83' lang='lat' dir='ltr'><strong>Cea</strong></span> <span class='ocrx_word' id='word_1_368' title='bbox 323 4077 380 4126; x_wconf 85' lang='lat' dir='ltr'><strong>loeis</strong></span> <span class='ocrx_word' id='word_1_369' title='bbox 390 4075 516 4141; x_wconf 82' lang='lat' dir='ltr'><strong>[Goslctu]</strong></span> <span class='ocrx_word' id='word_1_370' title='bbox 526 4076 636 4139; x_wconf 83' lang='lat' dir='ltr'><strong>collata,</strong></span> <span class='ocrx_word' id='word_1_371' title='bbox 646 4089 715 4127; x_wconf 85' lang='lat' dir='ltr'><strong>corn-</strong></span> <span class='ocrx_word' id='word_1_372' title='bbox 756 4073 859 4132; x_wconf 77' lang='lat' dir='ltr'><strong>scilicet</strong></span> <span class='ocrx_word' id='word_1_373' title='bbox 877 4073 1026 4138; x_wconf 79' lang='lat' dir='ltr'><strong>Religionee</strong></span> <span class='ocrx_word' id='word_1_374' title='bbox 1048 4088 1135 4123; x_wconf 90' lang='lat' dir='ltr'><strong>omues</strong></span> <span class='ocrx_word' id='word_1_375' title='bbox 1158 4074 1285 4137; x_wconf 86' lang='lat' dir='ltr'><strong>Deorum,</strong></span> 
     </span>
     <span class='ocr_line' id='line_1_43' title="bbox 185 4149 1283 4218; baseline -0.001 -19"><span class='ocrx_word' id='word_1_376' title='bbox 185 4160 300 4218; x_wconf 82' lang='lat' dir='ltr'><strong>porram.</strong></span> <span class='ocrx_word' id='word_1_377' title='bbox 756 4149 1163 4198; x_wconf 85' lang='lat' dir='ltr'><strong>scanimsrumimmortalitatem</strong></span> <span class='ocrx_word' id='word_1_378' title='bbox 1171 4152 1283 4202; x_wconf 84' lang='lat' dir='ltr'><strong>sustulit.</strong></span> 
     </span>
     <span class='ocr_line' id='line_1_44' title="bbox 220 4225 1284 4307; baseline 0 -31"><span class='ocrx_word' id='word_1_379' title='bbox 220 4228 447 4285; x_wconf 78' lang='lat' dir='ltr'><strong>Qaoe....csssscds</strong></span> <span class='ocrx_word' id='word_1_380' title='bbox 466 4226 586 4291; x_wconf 65' lang='lat' dir='ltr'><strong>memque]</strong></span> <span class='ocrx_word' id='word_1_381' title='bbox 602 4225 715 4307; x_wconf 59' lang='lat' dir='ltr'><strong>Tmesis,</strong></span> <span class='ocrx_word' id='word_1_382' title='bbox 755 4227 851 4278; x_wconf 88' lang='lat' dir='ltr'><strong>Docuit</strong></span> <span class='ocrx_word' id='word_1_383' title='bbox 859 4228 957 4291; x_wconf 87' lang='lat' dir='ltr'><strong>quippe</strong></span> <span class='ocrx_word' id='word_1_384' title='bbox 974 4226 1043 4276; x_wconf 86' lang='lat' dir='ltr'><strong>Deos</strong></span> <span class='ocrx_word' id='word_1_385' title='bbox 1061 4240 1112 4300; x_wconf 86' lang='lat' dir='ltr'><strong>non</strong></span> <span class='ocrx_word' id='word_1_386' title='bbox 1124 4241 1181 4278; x_wconf 84' lang='lat' dir='ltr'><strong>esse</strong></span> <span class='ocrx_word' id='word_1_387' title='bbox 1193 4229 1284 4278; x_wconf 83' lang='lat' dir='ltr'><strong>timan-</strong></span> 
     </span>
    </p>
   </div>
   <div class='ocr_carea' id='block_1_7' title="bbox 0 0 1516 4850">
    <p class='ocr_par' dir='ltr' id='par_1_7' title="bbox 0 0 1516 4850">
     <span class='ocr_line' id='line_1_45' title="bbox 0 0 1516 4850; baseline 0 0"><span class='ocrx_word' id='word_1_388' title='bbox 0 0 1516 4850; x_wconf 95' lang='lat' dir='ltr'><strong> </strong></span> 
     </span>
    </p>
   </div>
  </div>
 </body>
</html>
