3060 4858
268 387 334 454 894
607 404 715 454 norm
739 403 938 454 versionum
965 405 1002 454 m

269 546 385 596 oratione
397 545 605 610 mmmmm,
621 547 665 598 ubi
676 545 796 597 Pisonem
836 556 940 613 tamque
954 547 1019 599 Dela
1036 545 1147 599 iaciens!
1178 546 1234 595 'lali
1252 546 1290 596 lta
1310 560 1361 598 nou

270 623 354 687 ipsum
375 621 413 670 sic
435 620 499 672 facit
521 625 681 686 loquentem:
707 623 797 675 ‘Quid
835 625 951 686 tangitur
961 624 1041 684 Deus,
1051 623 1143 686 inquit,
1161 622 1186 671 id
1198 628 1240 671 est
1250 636 1360 672 commo-

270 705 319 757 est,
339 698 436 758 Caesar,
458 698 526 760 quod
548 704 574 747 te
594 696 797 762 supplicationes
835 705 919 760 retur,
937 707 1013 762 prout
1031 704 1121 748 exstat
1138 697 1207 759 apud
1226 698 1363 770 Tertssllia-

270 779 408 834 tantopere
419 772 567 822 delectent?
578 773 604 820 iu
615 772 709 835 quibus
717 772 797 820 housi-
834 788 904 836 num,
912 774 1031 822 crebrum
1043 773 1190 822 Latinitatis
1201 773 1362 822 Lrsuretiann

269 863 315 898 uas
325 863 413 898 errore
424 849 569 909 ducuntur;
585 863 648 912 quas
660 850 706 898 Dii
716 849 797 912 negli-
834 848 1038 905 observatorem,
1057 849 1084 898 in
1097 849 1206 910 Apulog.
1215 862 1274 911 cap.
1284 851 1325 898 tu.
1337 863 1363 910 p.

270 931 347 985 gunt:
361 925 403 988 qni
414 924 457 989 <nt
468 931 557 974 noster
566 925 609 973 ille
617 923 719 973 divinus
730 925 798 974 dixit
834 926 891 973 ⁸51.
902 924 1020 973 ‘Invidia
1029 923 1362 986 cselnmtuudimus,Dema

271 998 413 1062 Epicurus)
437 1013 523 1063 neque
549 999 656 1062 propitii
677 1000 798 1063 cuiquem
836 999 981 1062 tunginus.¹
999 1000 1090 1048 Huoer.

270 1074 612 1138 meulentmequeireti!
630 1074 703 1124 ldem
714 1075 797 1138 Epist.
867 1077 899 1122 dd
917 1073 1190 1137 Hsmasuosteouslos]
1217 1072 1361 1138 Significat,

270 1149 304 1197 ad
315 1148 422 1199 Trebat.
441 1150 484 1199 lib.
501 1154 526 1199 l.
542 1151 694 1200 ‘Quomodo
712 1157 798 1201 autem
837 1149 975 1211 Epicurum
985 1151 1083 1198 animos
1092 1150 1219 1199 hominum
1228 1149 1362 1213 religione,

271 1225 320 1275 tibl
339 1225 454 1288 placebit
462 1225 555 1276 lovem
573 1226 684 1288 lapidem
698 1226 798 1290 jurare,
837 1224 888 1272 ie·
904 1221 973 1272 lnaoi
989 1225 1104 1272 Deorum
1117 1226 1219 1286 timore,
1235 1230 1362 1286 etsnper-

271 1315 330 1350 cum
340 1301 407 1350 scias
418 1303 510 1351 lovem
527 1302 620 1350 iratum
632 1315 688 1350 esse
703 1303 798 1353 neruinl
836 1296 943 1346 ”illone
967 1297 1099 1348 libertato·
1143 1299 1209 1348 Nam
1237 1299 1364 1362 Epium·

272 1377 373 1439 posse?
413 1375 543 1426 Arnolsius
565 1376 609 1426 lib.
631 1381 655 1426 1.
678 1375 800 1427 adversus
836 1372 951 1436 quidem,
969 1380 997 1422 nt
1013 1374 1363 1438 testanturDiog.Lsiirtius

271 1452 383 1513 genleio:
396 1451 453 1500 ‘lte
465 1465 516 1502 uun
525 1451 737 1514 animadvertitis,
748 1465 799 1500 nun
838 1455 867 1498 ct
876 1449 913 1498 M.
922 1449 1029 1514 nuttios,
1044 1451 1149 1514 scripsit
1159 1451 1251 1499 librum
1264 1449 1297 1500 de
1309 1451 1362 1514 pie-

272 1528 374 1593 ridetis,
389 1527 498 1577 affectus
509 1543 585 1592 quam
598 1528 706 1591 turpeis,
723 1543 799 1592 qnam
837 1531 893 1575 tata
912 1541 973 1588 erga
992 1527 1077 1575 Deos:
1096 1535 1124 1576 et
1144 1541 1223 1589 supra
1241 1526 1361 1589 dixi-us,

270 1603 406 1654 indecoras
418 1604 562 1652 numinibus
573 1603 720 1654 attribuatis
734 1605 800 1654 insa·
838 1601 988 1664 Epicurum,
1010 1602 1125 1666 quamtis
1146 1610 1262 1666 negaret,
1289 1604 1361 1652 Deus

272 1679 349 1727 nissi
374 1678 443 1729 Quid
465 1686 505 1726 cst
526 1679 593 1728 euius
615 1681 684 1729 alind
711 1680 798 1737 irasci,
837 1678 1361 1741 curanshaberererumlrumansrnm,ne·

272 1767 349 1817 quam
360 1753 479 1814 insanire,
489 1768 565 1816 quam
578 1753 674 1816 furere,
686 1767 761 1819 quam
774 1755 798 1802 ln
837 1767 887 1818 qna
904 1768 995 1818 preces
1011 1762 1107 1815 tamen,
1123 1767 1206 1818 neque
1218 1755 1362 1803 veneratio—

272 1827 378 1878 ultiouis
388 1827 519 1876 libidinem
529 1825 601 1889 ferri,
616 1835 644 1878 et
654 1829 680 1876 io
691 1829 799 1878 alterius
837 1843 906 1892 nem,
927 1838 954 1879 et
974 1831 1071 1879 cultum
1095 1833 1219 1892 Deorum,
1243 1836 1362 1893 tauquam

272 1901 371 1952 doloris
379 1916 484 1952 crucem
496 1900 596 1952 efferati
608 1904 722 1966 pecturis
737 1904 798 1953 alie·
837 1908 1015 1967 praestantium
1039 1913 1197 1966 naturarum,
1221 1905 1361 1954 sustulisse.

272 1977 376 2028 ustione
385 1977 520 2027 bacchari?
529 1981 576 2028 dcc.
585 1993 643 2042 qrtre
651 1979 754 2040 longum
766 1980 800 2028 sit
837 1994 895 2044 quse
907 1986 964 2029 sunt
977 1979 1094 2044 proiectu
1104 1979 1178 2029 valde
1187 1980 1255 2028 iuter
1263 1994 1291 2027 se
1300 1994 1362 2042 pug-

273 2052 387 2103 rei'erse:
406 2053 498 2117 quibus
513 2052 661 2103 declaretur
677 2053 799 2103 iratorum
837 2058 935 2114 nentia,
948 2065 977 2108 ut
990 2057 1102 2107 ostendit
1121 2059 1159 2107 Μ.
1171 2056 1361 2106 mitissimi.

274 2126 383 2178 affectus
395 2130 420 2176 iu
432 2129 585 2191 corporibus
596 2129 749 2190 expressus!
774 2130 800 2177 l·
838 2133 871 2182 de
882 2133 916 2183 N.
928 2133 961 2182 l).
979 2133 1017 2181 lris
1029 2132 1128 2182 serbis:
1145 2131 1244 2195 ‘Atqui
1260 2131 1363 2194 scripsit

273 2204 331 2252 dem
342 2203 427 2267 paullo
439 2209 511 2266 post:
533 2207 541 2232 ⁸
552 2205 672 2253 Ceterum
683 2203 727 2252 Dii
736 2205 800 2266 veri,
837 2207 932 2256 lilsrum
949 2209 983 2257 de
1000 2209 1097 2271 pictate
1115 2221 1175 2271 erga
1185 2207 1257 2255 Deos
1268 2205 1362 2269 Epicu·

273 2286 302 2327 et
311 2280 354 2342 qui
362 2278 467 2339 habere,
476 2278 520 2340 qui
529 2276 597 2326 l'erre
607 2279 683 2340 hujus
692 2279 800 2329 nominis
838 2297 891 2346 rus,
907 2285 945 2334 ita
955 2293 985 2332 ut
996 2283 1194 2344 Coruncanium,
1206 2289 1250 2331 snt
1259 2281 1362 2331 θωπι-

273 2352 455 2402 anctoritutem
477 2351 599 2413 condigni
620 2358 690 2412 sunt,
716 2367 800 2416 neque
837 2359 898 2420 ιιιιι,
918 2357 1054 2421 pontifices
1072 2358 1205 2420 oraximos,
1229 2363 1256 2406 te
1275 2356 1363 2405 audire

273 2427 430 2488 irascuntur,
449 2440 532 2490 neque
549 2427 733 2490 indignantur,’
752 2433 801 2480 tec.
837 2431 923 2493 dicam
936 2431 1361 2496 uoueum,quisustuleritomnem

273 2502 358 2554 lami·
837 2507 953 2558 funditus
975 2508 1144 2571 religionem3
1170 2521 1217 2555 nec
1237 2505 1364 2566 manibus,

307 2579 360 2630 Nee
378 2578 489 2641 tougitar
506 2579 555 2642 irs]
581 2579 726 2628 Execrstnr
743 2581 801 2632 hac
837 2590 868 2633 ut
886 2583 999 2644 Xerxes,
1017 2583 1063 2632 sed
1080 2579 1363 2642 rationibus,1leorsua

274 2653 429 2704 Lucretiaua
439 2653 552 2701 carmina
569 2654 719 2704 Lactantius
734 2655 801 2705 libro
837 2661 1017 2710 immortalium
1026 2658 1121 2720 templa
1130 2662 1222 2706 stares
1230 2655 1364 2705 everterit.

273 2728 308 2778 de
319 2728 379 2779 lrs:
396 2735 487 2791 utpute
499 2741 556 2791 qum
572 2729 678 2792 templa,
692 2743 749 2793 qna
761 2744 801 2780 re·
838 2734 909 2787 Quid
921 2733 1037 2782 estenim
1046 2747 1092 2782 cur
1100 2730 1211 2780 Deusab
1219 2730 1362 2779 lmmiuibus

273 2806 396 2869 ligiouem
413 2813 441 2855 et
456 2809 551 2856 cultum
571 2808 683 2856 Duorum
699 2809 800 2857 tollant.
837 2809 959 2860 colendus
977 2809 1058 2870 dicas,
1080 2821 1137 2857 omn
1157 2807 1200 2854 Dii
1220 2821 1271 2855 uon
1287 2807 1364 2856 modo

274 2883 345 2932 Huic
357 2881 462 2947 Epicurl
479 2883 614 2932 seutentise
633 2884 759 2934 reclamat
775 2891 802 2932 et
837 2887 952 2935 homines
963 2901 1013 2934 uon
1024 2886 1121 2944 colant,
1131 2883 1178 2932 sed
1188 2883 1291 2932 omniuo
1303 2881 1364 2931 nilsil

275 2956 376 3020 Cicero,
387 2957 629 3020 ‘Deus,'iuquieus,
640 2958 676 3005 ‘sl
686 2958 744 3006 talis
753 2965 801 3020 est,
838 2969 938 3024 current,
960 2961 1022 3010 nihil
1039 2961 1136 3022 agam?
1160 2958 1198 3007 At
1216 2965 1257 3008 est
1275 2971 1363 3007 eorum

274 3039 306 3082 ut
316 3032 387 3083 nulla
397 3034 489 3097 gratia,
500 3034 570 3082 nulla
581 3034 709 3082 hominum
720 3035 801 3083 chari·
837 3036 932 3085 eximis
942 3035 1068 3098 quadam,
1078 3041 1255 3097 praestansque
1264 3039 1364 3093 noma,

276 3115 331 3159 tate
342 3115 470 3171 teneatur,
481 3108 586 3158 ualeat?
606 3109 674 3158 Pius.
838 3117 867 3160 ut
877 3125 908 3160 ea
919 3110 1014 3160 debeat
1032 3111 1089 3173 ipsa
1101 3123 1148 3172 per
1159 3123 1186 3157 se
1197 3107 1228 3157 ad
1241 3122 1269 3156 se
1280 3109 1365 3158 colen·

309 3186 359 3234 Nec
376 3183 431 3234 besse
441 3184 576 3246 promeritis
584 3185 685 3246 cupitur,
697 3199 739 3235 nee
750 3191 802 3234 lmt·
839 3184 896 3235 dam
919 3186 1024 3234 allicere
1045 3185 1196 3247 replentem.
1229 3183 1271 3232 An
1291 3183 1363 3247 quid·

273 3260 344 3320 gitur
364 3261 414 3323 iro]
435 3262 532 3310 Contra
553 3261 620 3310 huno
640 3263 722 3310 locutu
745 3261 802 3313 l'use
839 3276 914 3325 quarn
925 3262 1045 3310 eximium
1057 3266 1208 3324 potestesse
1217 3260 1243 3308 in
1252 3274 1283 3308 es
1291 3269 1364 3308 nstn·

275 3339 331 3400 egit
352 3338 513 3396 Lactantius,
535 3343 562 3386 et
581 3338 632 3386 alii.
649 3351 802 3402 qrssmqusm
838 3351 876 3400 ra,
890 3352 958 3402 quas,
975 3353 1021 3386 sua
1035 3338 1168 3399 voluptate
1184 3337 1284 3398 latens,
1303 3335 1365 3384 nihil

274 3413 385 3475 nilupus
396 3409 456 3460 fuit.
483 3411 684 3472 Interpretanda
702 3419 802 3462 tantum
838 3426 886 3461 uec
898 3419 987 3461 actura
998 3413 1032 3461 sit
1049 3425 1177 3475 uurqnam,
1194 3425 1277 3474 neque
1294 3416 1366 3473 agat,

275 3489 382 3552 Epicuri
395 3502 466 3537 mens
478 3485 572 3535 iuerat.
586 3486 642 3534 Fut.
677 3487 754 3547 Tutugi
765 3489 803 3538 s'ru
838 3503 923 3553 neque
939 3488 1038 3551 egerit?
1054 3489 1120 3540 Qum
1140 3500 1215 3550 porro
1234 3487 1318 3549 pictos
1339 3487 1363 3533 ci

275 3563 408 3626 explicant
418 3561 521 3626 quidem
533 3560 618 3620 irasci,
629 3560 675 3608 sed
691 3562 763 3624 quid,
780 3564 803 3612 si
838 3564 989 3625 debentne
1005 3578 1057 3627 qno
1074 3563 1135 3610 nilsil
1152 3561 1305 3623 acceperis?
1319 3568 1366 3610 aut

275 3637 331 3686 leue
343 3637 479 3699 promeritis
489 3635 652 3697 opponatur?
669 3641 698 3684 ut
710 3636 749 3684 ira
759 3638 802 3686 hu·
837 3641 899 3703 quid
917 3640 1029 3701 omuino,
1048 3640 1120 3702 cujum
1138 3637 1233 3686 nullum
1244 3636 1365 3685 meritum

274 3715 371 3764 minum
384 3716 409 3763 iu
421 3716 493 3764 Deos
514 3713 627 3763 stultitia
644 3713 689 3762 illa
705 3714 802 3766 sitnon
838 3716 882 3775 sit,
902 3721 930 3764 et
950 3714 1039 3764 deberi
1058 3711 1172 3776 potesti'
1196 3711 1279 3761 Essal.
1313 3713 1365 3762 Qui

274 3790 404 3840 dissimilis
415 3789 549 3852 Caligulae,
564 3790 668 3853 quinon
680 3790 735 3838 sine
745 3793 801 3855 jur·
838 3791 969 3853 ingenium
980 3805 1038 3839 cum
1053 3790 1180 3839 Cicerone
1197 3789 1223 3836 in
1243 3787 1365 3836 Lucretio

275 3865 325 3928 giis
344 3865 449 3913 exilium
467 3864 615 3915 etiauslovi
631 3865 802 3916 comminuiss-
838 3867 997 3926 desiderant,
1014 3867 1080 3915 lianc
1097 3866 1232 3929 imaginem
1250 3871 1365 3914 contens·

275 3945 319 3988 tur
330 3939 398 4002 apud
410 3939 558 3988 Suetonium
570 3954 628 4002 cup.
640 3943 680 3990 28.
698 3941 737 3989 vel
750 3956 801 3990 mo·
839 3943 951 4006 plentur,
963 3943 1021 3990 etsi
1041 3942 1209 4004 pulchriorem
1220 3946 1365 3990 monstram

274 4015 368 4065 rientis
376 4014 493 4078 Pompeii
502 4013 670 4077 indignationi
679 4016 747 4079 apud
756 4018 803 4066 Lu·
838 4019 949 4080 possint,
961 4018 986 4066 id
999 4017 1059 4066 milri
1069 4015 1167 4065 facient
1178 4015 1246 4080 quud
1257 4021 1297 4064 est
1308 4029 1365 4078 grs-

275 4104 332 4142 can.
348 4093 373 4140 8.
389 4093 446 4140 665.
465 4089 521 4139 ‘At
538 4089 628 4154 Magni
647 4090 708 4140 dum
727 4098 802 4155 terga
840 4091 970 4141 tissimum.
1003 4093 1039 4140 Ut
1058 4092 1149 4140 misere
1165 4092 1232 4140 euim
1250 4091 1366 4142 sordide·

274 4171 377 4228 sonant,
386 4173 414 4214 ct
423 4171 530 4228 pectora
536 4164 616 4230 ferro,
627 4167 801 4216 Permansisse
838 4181 888 4232 que
898 4169 990 4231 jacent
1007 4168 1113 4216 lsumiles
1127 4168 1171 4217 isti
1183 4168 1307 4231 religione
1318 4183 1365 4231 cp-

275 4239 355 4294 ‹lecos
370 4253 451 4292 ssctae
468 4239 614 4292 venerabile
631 4240 731 4306 torma,
747 4241 800 4293 lra·
839 4243 1052 4306 pressinomines,
1064 4243 1309 4307 etquamlsurrendc
1319 4255 1365 4293 ore
