3128 4858
436 925 1192 1046 ANIMADVERSIO

518 1214 812 1307 sostenis
861 1211 1112 1302 utnon

366 1489 443 1568 DE
480 1489 788 1568 FUNERIBUS
829 1483 1266 1566 ATHENIENSIUM·

662 1771 964 1784 mun—.—

272 2025 396 2100 Ansunr
405 2048 571 2104 Athenienses,
590 2043 665 2094 ‘unde
682 2041 823 2100 humaniter,
835 2041 949 2100 doctrine,
961 2041 1051 2107 religio,
1062 2043 1148 2108 fruges,
1155 2041 1218 2108 jure,
1229 2043 1291 2108 leger
1310 2048 1368 2092 orire

269 2139 342 2194 etque
351 2131 377 2180 in
387 2145 469 2179 ornnes
479 2137 550 2178 temes
560 2125 689 2174 distribute
701 2129 821 2186 putentur,
840 2121 851 2156 θ
861 2129 868 2151 ’
877 2121 909 2170 Et
919 2133 1081 2172 recreaverunt
1091 2126 1171 2181 ritem,
1181 2123 1290 2187 legesque
1299 2135 1368 2186 roge·

164 2263 169 2272 ,
269 2210 342 2268 runt,’
362 2209 471 2260 horstio
480 2209 583 2257 Auctore
594 2223 601 2252 ι
617 2203 703 2267 quibus
719 2209 797 2249 temen
809 2202 843 2248 nil
855 2202 982 2265 entiquius,
990 2211 1032 2250 eut
1046 2203 1175 2267 religiosius
1185 2203 1257 2250 fuisse
1268 2201 1368 2260 ridetur,

272 2305 343 2354 quem
349 2287 416 2353 juste
426 2287 523 2334 mortuis
536 2281 716 2349 persolvendis
726 2282 852 2344 presertim
862 2281 904 2344 qui
919 2281 1010 2331 fortiter
1020 2299 1061 2347 pro
1071 2283 1146 2348 petris
1161 2283 1290 2347 pugnendo
1306 2281 1370 2332 ceci-

270 2370 367 2418 dissent,
399 2367 561 2431 eQuapropter
566 2361 700 2428 grevissime
711 2359 767 2409 olins
777 2362 802 2408 in
811 2368 987 2426 transgressores
994 2363 1216 2420 enimedverteruut,
1223 2369 1230 2393 ¹
1238 2365 1368 2429 decemque

270 2450 420 2513 imperotores
430 2461 494 2503 suus,
511 2453 537 2493 et
553 2443 649 2507 quidem
660 2457 674 2490 e
685 2439 840 2506 pulcherrim
854 2443 951 2492 victorie
968 2443 1099 2502 venientes,
1116 2444 1210 2508 espiteli
1225 2443 1317 2508 judicio
1327 2460 1369 2493 ex·

271 2535 353 2593 eeptos
363 2533 484 2585 uenerunt,
495 2523 560 2589 quod
571 2524 670 2572 militum
686 2537 793 2588 corpore,
803 2522 860 2572 lieet
873 2524 962 2572 sevitie
972 2525 1040 2572 merie
1049 2523 1222 2589 inter-pellente,
1242 2525 1368 2590 sepultores

270 2609 381 2657 mendere
392 2623 440 2656 non
449 2606 590 2671 potuissent,
607 2605 649 2652 sed
666 2605 691 2651 in
707 2601 793 2652 fluetus
807 2606 946 2653 necessilete
964 2605 1042 2653 selecti
1057 2605 1228 2669 projecissent?
1260 2603 1371 2654 ‘Ceutiur

270 2688 383 2740 Chebries
392 2686 550 2742 Atheniensis,
560 2683 723 2732 maritimarum
733 2683 852 2747 copiarum
864 2685 920 2741 dux,
931 2683 1095 2748 pmiligetised
1105 2683 1200 2742 Neron,
1207 2685 1279 2748 inque
1289 2685 1369 2749 ihgern

270 2769 341 2819 vuer
352 2767 544 2824 lacedemoniis,
555 2773 619 2813 totus
633 2764 678 2811 tuit
686 2763 711 2810 in
723 2762 828 2828 legendis
837 2779 939 2822 suorum,
950 2765 990 2828 qni
999 2765 1140 2823 oeciderunt,
1149 2764 1309 2823 eedererlhus,
1321 2781 1370 2813 me·

270 2859 339 2898 tuens
349 2847 432 2914 populi
443 2845 643 2912 superstitionem:
670 2859 723 2892 eum
734 2853 822 2902 minen,
834 2843 880 2891 nisi
889 2853 1020 2903 eunomius,
1041 2845 1111 2895 iecile
1127 2845 1369 2896 unirememhustlum

270 2929 368 2979 elessem
386 2928 520 2978 delevisset.
553 2925 585 2975 Et
601 2925 692 2982 Niciee,
707 2926 814 2989 egregius
824 2924 1002 2973 Atheniensium
1014 2927 1147 2990 imperetur,
1154 2925 1225 2990 jussit
1235 2926 1369 2976 uuiversum

270 3009 397 3059 exereitum
408 3009 541 3064 subsistere,
557 3013 583 3054 ut
593 3007 653 3053 duos
664 3011 755 3052 mnium
766 3011 884 3068 peremtus
894 3003 979 3054 milites
989 3007 1114 3071 sepulture.
1127 3007 1254 3054 manderet.
1286 3005 1370 3070 Mejus

270 3099 315 3147 eet,
325 3091 390 3154 quod
398 3089 471 3139 refert
480 3087 606 3138 ‘Isocrates
614 3088 645 3135 de
655 3083 757 3133 Admeto
767 3083 826 3148 Argi
837 3083 904 3149 Rege
915 3086 969 3146 ;hic
980 3087 1053 3148 enirn,
1060 3089 1090 3135 eh
1098 3086 1248 3150 expeditione
1259 3088 1370 3142 edamus

269 3169 394 3236 rhenano·
404 3169 569 3226 infortunetus,
587 3183 641 3218 eum
660 3182 710 3226 eus,
728 3166 804 3230 quiin
818 3166 933 3214 Thebeno
952 3167 1014 3215 hello
1025 3168 1111 3216 mortui
1120 3176 1195 3224 erent,
1205 3167 1308 3232 recipere
1319 3183 1370 3216 non

269 3256 359 3316 posset,
369 3247 535 3305 Athenienses,
544 3247 708 3310 Theseumque
719 3246 817 3311 regerit,
830 3255 856 3294 ut
867 3248 984 3296 communi
1001 3248 1128 3296 infortunio
1147 3249 1309 3313 opitularetur,
1324 3263 1370 3302 nee

270 3329 404 3392 despiceret
411 3342 461 3385 eus,
468 3329 518 3391 qui,
529 3329 554 3376 in
565 3327 626 3376 hello
637 3328 773 3385 desidereti,
788 3327 879 3377 Funere
895 3336 921 3377 et
935 3344 1022 3394 pompe
1032 3345 1134 3388 enuere,
1145 3345 1190 3378 nec
1200 3339 1302 3378 veterem
1312 3345 1370 3380 eon·

269 3409 428 3464 suentium,
438 3407 573 3472 petriesque
590 3408 712 3456 violendes
722 3408 839 3458 indicens.
872 3409 959 3458 Verum
979 3426 1056 3476 neque
1074 3426 1117 3474 spe
1127 3426 1169 3459 rue
1179 3411 1282 3460 fmutnu
1296 3410 1370 3462 luere·

269 3487 385 3552 Srueepto
395 3503 498 3552 nemque
508 3487 570 3536 bello
581 3503 624 3551 pro
634 3489 679 3546 hie,
687 3489 728 3552 qui
740 3496 836 3538 mortem
848 3491 997 3554 oppetierunt
1006 3492 1116 3544 edrersue
1133 3491 1267 3554 lheheuos,
1275 3492 1370 3556 impug-

270 3576 356 3618 wurrt
365 3568 427 3626 illos,
438 3567 622 3632 eo'e‘ger'untqne,
633 3577 660 3618 ut
668 3569 793 3618 defunctos
810 3571 859 3620 rite
872 3570 939 3635 justo
959 3571 1046 3621 Funeri
1055 3572 1228 3637 sepultumque
1238 3573 1372 3624 redderem·

271 3646 401 3696 Minoem
416 3655 496 3696 movet
505 3649 611 3698 Cimonis
621 3648 703 3712 pietee,
715 3649 767 3714 qui,
778 3657 805 3699 ut
814 3651 949 3700 Miltierleru
957 3660 1077 3715 perennem
1088 3654 1202 3710 humeret,
1214 3655 1267 3718 ipso
1276 3654 1371 3704 vincul·

270 3733 367 3788 peteme
378 3727 463 3774 induit.
494 3725 564 3776 Hune
581 3743 636 3776 vero
655 3728 767 3791 pietatem
786 3745 835 3778 non
853 3731 879 3779 iu
896 3747 938 3782 eos
953 3740 1045 3781 tentum
1061 3735 1196 3798 erogebent,
1216 3735 1258 3799 qui
1275 3735 1370 3799 proprie

270 3807 385 3870 unguine
402 3807 504 3871 publice
524 3809 641 3857 munisti
652 3809 785 3868 litererent,
804 3827 885 3860 verum
901 3814 969 3861 etin
988 3815 1139 3873 contribules,
1157 3814 1292 3880 nulliusque
1302 3814 1373 3879 pretii

269 3886 384 3946 homiues,
394 3903 492 3952 quorum
503 3888 647 3954 propinquos
658 3905 741 3955 cogere
760 3898 854 3956 poteret
872 3891 1027 3958 Demerehus,
1042 3894 1079 3941 vel
1095 3909 1150 3943 curn
1167 3895 1257 3961 populo
1275 3895 1372 3946 endem

765 4036 871 4088 Nom

301 4128 495 4244 :puzopppp
506 4130 570 4182 uae.
837 4135 1030 4251 epm
1039 4139 1107 4249 {Sint
1117 4199 1133 4248 1.
1145 4217 1190 4252 xv.

303 4257 435 4330 ‘lithoph
456 4260 472 4308 l.
491 4275 516 4325 p.
534 4257 621 4310 Rerum
642 4260 718 4312 Gneo.
742 4262 797 4313 vu.
871 4264 919 4313 ‘In
931 4263 1049 4332 Penegyr.
1060 4273 1085 4314 et
1094 4265 1159 4314 alibi.
