2962 4860
257 369 324 436 654
628 385 661 431 ι.
687 383 865 432 nucnnuu
891 385 981 432 osui

259 529 389 596 Multus
404 531 491 594 euim
505 529 609 605 calor,
625 532 726 609 atquc
741 526 872 604 homor,
888 526 1069 610 superabat
1081 527 1117 589 iu
1132 527 1233 591 arvis.

258 633 349 711 Hoc,
364 632 422 695 ubi
436 645 579 714 quaeque
591 629 660 692 loci
674 629 767 711 regio
782 631 970 712 obportuua
985 630 1140 704 dabatur,
1287 627 1354 692 805

258 731 465 798 crescebant
478 732 587 796 uterei
601 737 700 808 torm,
714 730 882 795 radicibus
898 733 1007 813 npteir

259 833 356 911 Quos
373 835 431 898 ubi
446 839 595 917 tempore
610 838 740 898 maturo
754 833 961 914 patefecerat
974 839 1058 898 aetas

258 933 437 1010 Infantem,
451 935 578 1018 fugiens
591 935 775 1012 humorem,
787 955 953 1018 aurasque
967 935 1148 1016 petissetis,

257 1034 486 1101 Conveniebat
498 1037 567 1100 ibei
584 1035 618 1100 N
620 1044 717 1100 atnra
731 1035 894 1100 foramina
907 1044 1018 1114 terreo,

257 1219 413 1280 totingenera
429 1217 566 1268 homiuum.
600 1219 709 1282 Namque
725 1219 842 1282 pieriam
859 1220 933 1279 calor,
948 1224 972 1268 et
989 1235 1049 1284 apso
1064 1217 1197 1268 abundabat
1214 1219 1241 1267 is
1256 1221 1354 1282 eampis.

258 1285 301 1344 Et,
311 1283 352 1331 arbi
369 1296 464 1345 qsoepse
480 1283 525 1330 iaci
535 1283 601 1343 regie
611 1289 663 1332 erat
678 1287 744 1344 apto,
756 1283 820 1332 steri
833 1283 974 1332 creabantur
984 1285 1124 1332 inherentes
1135 1283 1255 1331 radicibus
1264 1288 1356 1340 terror

257 1361 315 1410 qnos
324 1362 385 1408 carn,
397 1353 488 1395 motare
497 1352 607 1409 tempere,
617 1352 677 1397 atae
685 1345 812 1408 infestam,
821 1349 912 1396 euitare
927 1361 1008 1410 epm,
1017 1353 1041 1397 et
1048 1347 1168 1410 maaian·
1183 1346 1355 1410 abrioaflatas,

257 1416 362 1474 ruperat,
373 1415 459 1460 natura
465 1408 622 1474 patefaciebat
632 1425 658 1460 ee
669 1410 717 1459 laco
727 1415 818 1460 mater
829 1416 909 1473 terre,
919 1411 1056 1471 etsociebat
1074 1412 1131 1460 illos
1142 1413 1251 1460 emittere
1260 1425 1355 1460 emmas

716 1535 897 1558 ΟΙΝΜΝΜ

258 1605 388 1654 lia—805
406 1603 541 1652 HocVoss.
552 1609 605 1654 vet.
621 1610 649 1652 et
664 1605 692 1652 L
704 1604 737 1655 B.
754 1604 789 1655 0.
806 1605 874 1654 bins.
889 1605 921 1653 B.
938 1608 963 1654 2.
981 1608 1005 1654 8.
1023 1603 1181 1654 cant.von.
1194 1615 1276 1664 marg.
1289 1603 1356 1652 Hire

258 1667 291 1716 P.
301 1667 381 1716 Vind.
392 1666 468 1714 Bodl.
484 1667 553 1715 Mus.
566 1667 597 1716 B.
611 1672 633 1716 l.
644 1667 745 1730 Grppb.
757 1682 837 1732 marg.
849 1667 909 1718 ntd.
921 1669 976 1717 Hec
985 1670 1016 1714 V.
1035 1669 1075 1718 ed.
1088 1669 1150 1718 Hoee
1162 1668 1236 1716 Fert.
1246 1667 1294 1715 Tb.
1309 1667 1354 1717 iia.

258 1731 309 1779 Hie
320 1730 406 1778 Bentl.
418 1731 479 1778 Eece
489 1729 588 1792 Grypb.
601 1729 625 1778 N
628 1731 683 1779 ard.
692 1731 752 1780 Bss.
762 1732 841 1796 Aeque
851 1733 950 1796 Dclpb.
961 1731 1006 1781 tibi
1018 1747 1064 1795 pro
1080 1731 1120 1780 ubi
1137 1731 1210 1780 Ferr.
1225 1729 1355 1794 annuaque

259 1793 418 1842 Canu-806
434 1793 585 1844 terraCant.
604 1799 632 1843 et
650 1795 767 1858 quaedam
786 1797 899 1858 exempl.
918 1797 1098 1860 lactantii,1r.
1110 1799 1150 1844 ln.
1167 1799 1256 1843 murs
1264 1795 1299 1843 V.
1312 1795 1353 1843 ed.

258 1859 304 1906 Tb.
317 1859 364 1907 lla.
375 1858 449 1906 Voss.
460 1864 512 1906 vet.
522 1864 550 1906 et
561 1858 591 1907 la
600 1858 632 1906 B.
642 1863 714 1907 terre
724 1860 823 1923 reliqui.
833 1861 859 1908 in
868 1861 988 1909 radicibus
998 1861 1029 1909 V.
1046 1873 1126 1922 marg.
1139 1862 1162 1908 1.
1179 1859 1255 1908 Ceut.
1269 1864 1300 1908 et
1314 1858 1356 1908 ed.

258 1921 440 1973 mutim—80⁷
456 1926 526 1971 astas
535 1921 612 1971 Vind.
623 1922 654 1972 V.
666 1922 708 1972 ed.
719 1923 789 1972 Mus.
802 1925 831 1972 B.
842 1929 867 1973 ³.
879 1926 955 1975 Cant.
968 1925 1040 1973 l'err.
1052 1924 1100 1972 Tb.
1113 1925 1243 1973 lla-808
1258 1923 1356 1972 tenore

259 1987 292 2036 P.
304 1983 364 2035 Ald.
378 1986 583 2049 petessmviud.
594 1985 670 2036 Voss.
687 1995 738 2037 vet.
757 1994 787 2037 et
803 1988 834 2036 L.
851 1989 884 2039 B.
905 1989 973 2038 Mus.
992 1989 1027 2036 Β.
1045 1993 1068 2038 ³.
1088 1988 1162 2036 Cant.
1182 1986 1266 2036 Nard.
1277 1988 1355 2036 Voss.

258 2065 341 2114 marg.
357 2051 472 2113 petierena
486 2050 518 2099 Ρ.
532 2049 591 2100 Ati.
609 2053 756 2113 peteaeeeV.
774 2052 817 2102 ed.
835 2053 882 2102 Tb.
901 2053 948 2102 Rs.
961 2053 1035 2101 Bodi.
1051 2057 1172 2114 poleasens
1187 2049 1223 2098 0.
1240 2051 1356 2113 pertaesa

259 2115 328 2166 blus.
339 2116 372 2164 B.
384 2118 407 2165 1.
417 2115 486 2164 Hau.
499 2120 617 2179 peterem
628 2117 696 2166 Mus.
707 2116 740 2166 B.
751 2120 775 2167 ἣ.
788 2117 942 2167 Fere-8⁰9
957 2116 1010 2166 ibas
1024 2121 1111 2166 nutura
1129 2113 1302 2167 bamb-81⁰
1321 2115 1355 2164 tte

753 2227 861 2279 NOTAE

258 2320 321 2368 licet
338 2323 389 2368 tam
406 2320 532 2385 homiues,
544 2336 618 2386 qnam
631 2327 721 2372 cetera
734 2323 786 2372 nni·
827 2323 894 2374 hauc
905 2324 1046 2374 doctrinam
1057 2323 1089 2374 de
1100 2322 1249 2372 animalium
1257 2321 1356 2386 origiue

258 2395 344 2453 melia,
354 2402 425 2446 ortos
437 2397 547 2449 voluerit
558 2413 590 2447 ex
598 2413 674 2464 aqua,
685 2400 788 2450 censuit
828 2399 925 2452 refellit
935 2402 974 2450 luis
985 2401 1084 2450 verbis:
1097 2400 1194 2450 ‘Aiunt
1206 2400 1287 2449 certis
1298 2414 1356 2448 con·

260 2477 356 2534 tamen,
368 2479 397 2522 ot
408 2478 449 2523 est
458 2474 527 2537 apud
538 2474 670 2526 Plutarch.
679 2477 752 2526 Plac.
760 2490 787 2527 v.
827 2475 987 2526 versionibus
999 2477 1057 2526 coeli
1068 2483 1095 2526 et
1104 2481 1231 2525 astrorum
1240 2476 1355 2525 motibus

261 2551 300 2596 te.
318 2545 414 2596 ‘inisse
434 2549 575 2600 corticibus
594 2551 706 2614 spinosis
725 2565 785 2599 con·
827 2553 1001 2602 maturitatem
1024 2551 1151 2618 quandem
1168 2551 1289 2601 extitisse
1301 2552 1355 2601 sni·

259 2631 362 2685 tentos3
375 2631 402 2675 et
414 2623 489 2674 fretus
501 2625 533 2675 ad
542 2626 709 2690 pubertatem
718 2627 786 2675 intus
826 2629 927 2678 mallum
947 2629 1128 2679 serendorum:
1151 2628 1239 2691 itaque
1258 2632 1355 2675 terram

259 2705 385 2763 retentos,
402 2705 457 2750 turn
485 2701 597 2766 demum,
618 2703 702 2765 ruptis
727 2703 787 2765 iilis,
825 2718 916 2754 novam
938 2719 1026 2755 semen
1054 2704 1167 2769 genitale
1195 2703 1355 2752 retinentem

258 2777 337 2837 viros,
355 2777 535 2842 mulieresque,
551 2778 594 2840 qui
606 2791 633 2826 ss
648 2778 703 2840 jam
715 2779 785 2828 aiere
825 2779 954 2830 folliculos
966 2795 999 2829 ex
1009 2796 1037 2831 se
1048 2779 1172 2844 qurosdam
1184 2779 1210 2826 in
1221 2784 1354 2828 uterorum

258 2854 375 2914 possent,
395 2851 569 2912 processisse!
602 2851 702 2901 Partim
714 2851 786 2902 deni·
825 2857 1019 2906 similitudinem
1038 2855 1184 2920 protulisse,
1206 2853 1239 2902 de
1260 2853 1353 2917 qutibos

259 2941 310 2992 que
322 2941 354 2976 ex
364 2925 485 2976 Archelai
496 2927 627 2990 opinione,
645 2928 687 2990 qul
697 2928 787 2978 docuit
828 2932 965 2981 Lucretius
977 2933 1020 2982 lib.
1035 2946 1062 2980 v.
1096 2928 1274 2980 ‘crescebaut
1286 2929 1354 2978 uteri

259 3001 526 3066 spanhemium.
544 3003 677 3052 ‘homines
688 3008 787 3052 ortose
827 3014 904 3056 terre
922 3008 1050 3058 radicibus
1066 3006 1121 3071 apti
1131 3005 1149 3056 ι’
1169 3019 1277 3068 eosque,
1295 3019 1354 3054 cum

258 3085 341 3141 terra,
364 3093 422 3143 qua
444 3079 531 3128 limum
549 3077 658 3128 similem
675 3078 737 3128 lacti
753 3077 785 3126 ad
826 3089 1007 3146 maturassent,
1021 3091 1113 3132 natura
1127 3087 1246 3145 cogente,
1263 3088 1355 3144 ruptos

259 3167 345 3204 escam
363 3153 533 3218 eliquaverit!
565 3153 633 3204 Vide
656 3153 731 3218 plora
752 3153 786 3202 de
827 3158 945 3208 animalis
958 3166 1047 3208 tenera
1059 3156 1215 3222 profudisse.
1248 3157 1355 3207 Deinde

257 3227 307 3277 boc
335 3229 418 3292 primo
444 3228 532 3277 mnudi
559 3227 674 3277 sabuloso
693 3235 786 3278 exortu
827 3241 922 3285 terrim
945 3236 1028 3300 ipim
1050 3235 1155 3284 humore
1172 3233 1294 3300 quadani,
1311 3231 1355 3296 qui

263 3302 333 3365 apud
353 3303 432 3354 Diod.
448 3304 563 3352 Siculum
582 3303 626 3353 lib·
647 3317 667 3352 ¹·
700 3305 785 3356 Quam
825 3311 970 3360 easetlacti
981 3311 1079 3372 similis,
1092 3310 1256 3373 exuberasse,
1272 3321 1354 3372 eoque

259 3379 415 3430 sententiam
437 3379 552 3429 imitatos
579 3379 680 3429 videtur
707 3377 785 3430 ovio.
826 3385 947 3434 alimento
978 3386 1119 3436 animantes
1143 3399 1201 3436 erse
1225 3381 1354 3444 nutritos,'

259 3455 326 3503 Met.
339 3468 358 3504 1.
368 3459 409 3505 tn.
440 3456 548 3506 ‘Natos
563 3455 636 3504 bomo
653 3462 714 3504 est:
731 3455 786 3504 sive
825 3463 875 3510 dec.
909 3461 952 3510 Sic
966 3462 1021 3512 Cic.
1033 3461 1067 3510 de
1079 3461 1143 3524 Leg.
1154 3474 1175 3509 ι.
1207 3457 1354 3509 SicCenso·

259 3530 327 3580 bunc
338 3530 425 3580 diuino
440 3532 537 3582 semine
554 3529 618 3582 fecit
635 3531 684 3580 ilie
697 3528 785 3593 opifex
825 3537 896 3586 rinus
905 3537 997 3588 scribit
1007 3537 1052 3591 lib.
1064 3538 1096 3586 dc
1114 3537 1202 3586 Diviu.
1212 3535 1278 3585 Nat.
1295 3547 1353 3598 cap.

260 3619 354 3665 rernm,
376 3607 465 3656 mundi
482 3607 595 3657 melioris
618 3607 707 3669 ori303
724 3605 785 3654 Siva
824 3616 848 3660 a.
864 3613 993 3662 censuisse
1004 3611 1192 3662 Democritum.

259 3680 517 3742 recenstellus,'&c·
551 3680 783 3734 Quamisbnlossm
858 3689 931 3738 Terra
943 3689 1037 3754 [terre]
1054 3688 1172 3738 radicibus
1182 3685 1258 3751 apter]
1277 3681 1362 3737 H.e·'

258 3755 413 3806 coutentium
428 3757 477 3806 rite
489 3757 586 3808 refellit
595 3759 744 3808 Lactantius
753 3773 785 3808 ιι.
825 3761 894 3812 affixi
906 3771 933 3813 et
946 3765 1101 3813 inherentes
1113 3769 1191 3812 terrae
1201 3761 1340 3812 radicibus.

244 3831 300 3882 'ta
339 3831 464 3882 cnutum
489 3833 560 3882 illum
586 3833 662 3883 velim
689 3835 784 3896 locum,
857 3843 906 3888 808
927 3839 1034 3899 Fugiens
1055 3836 1184 3899 humorem]
1208 3836 1252 3886 lta
1269 3836 1356 3900 legeu-

258 3909 302 3974 qni
313 3908 427 3958 lectione
438 3915 491 3972 toa,
501 3908 584 3959 lector
598 3910 718 3973 candide,
730 3910 785 3974 dig·
825 3912 887 3961 dom
906 3921 1014 3962 censent
1034 3925 1124 3962 omnes
1140 3918 1239 3974 praeter
1250 3909 1356 3960 Lambi-

258 3999 306 4035 nus
318 3989 368 4034 est.
827 4001 896 4048 num,
914 3989 957 4053 qui
967 3989 1042 4052 legit,
1058 3989 1280 4049 eigestonam

293 4067 342 4114 eon
368 4061 507 4113 Crescebant
527 4062 610 4125 nterei,
638 4061 690 4125 tra]
714 4063 786 4112 citat
859 4063 1136 4128 Petisaensffetessena]
1150 4062 1255 4113 Dicitur
1267 4067 1356 4126 petes·

260 4137 328 4187 huuc
340 4153 439 4188 tersum
450 4139 601 4188 Lactantius
611 4137 657 4188 lib.
666 4151 697 4188 ιι.
705 4137 736 4187 de
749 4137 786 4187 0·
826 4153 865 4200 so,
881 4139 949 4190 sicut
958 4153 1076 4205 capesso,
1087 4141 1196 4202 lacesso,
1205 4141 1256 4190 &c
1271 4153 1288 4188 a
1298 4151 1357 4188 sar·

260 4213 343 4278 eigino
351 4213 549 4278 Error.cap.tl.
558 4218 632 4266 etii.
647 4215 690 4266 nbl
703 4223 785 4266 totam
825 4214 858 4264 bo
870 4222 940 4280 pato.
