3128 4858
471 436 519 484 nu
544 437 675 486 nanum
702 437 858 486 unauna
884 437 954 485 nra.
978 439 1028 485 vr.
1243 421 1308 487 813

215 578 289 644 Nec
303 579 389 644 ratio
404 578 540 645 remedii
554 581 728 644 conmunis
743 585 832 644 certa
847 581 1006 646 dabatur:

214 679 314 758 Nam,
332 680 423 764 quod
439 681 498 745 alii
513 681 651 745 dederat
664 680 800 747 vitaleis
814 679 902 746 ebrie
918 701 1017 746 auras
1224 681 1310 746 1225

214 778 358 846 Volvcre
371 783 406 845 in
421 802 477 846 ore
490 782 603 860 licere,
617 788 652 848 et
666 782 745 848 coeii
762 783 889 866 templa
903 785 998 860 tucri,

216 879 326 947 Hocc'
340 883 417 947 aliis
430 889 501 947 crat
515 884 634 959 exitio,
649 883 819 967 ictumque
836 885 986 967 parabat.

259 983 347 1049 Illud
363 985 398 1048 in
411 983 478 1048 hiis
493 984 592 1048 rebus
606 983 831 1049 miserandum
845 1004 966 1067 magno
983 1004 1082 1068 opere
1095 1005 1195 1051 unum

216 1083 443 1149 AErumnabile
456 1088 545 1163 erat3
568 1084 672 1168 quod,
686 1086 765 1149 ubei
779 1103 815 1148 so
829 1087 974 1170 quisque
986 1085 1125 1154 videbat

216 1183 412 1268 Inplicitnm
428 1188 557 1263 morbo,
573 1187 671 1251 morti
687 1186 864 1252 damnatus
878 1194 917 1252 nt
928 1195 1030 1266 esset,
1225 1187 1312 1252 1230

222 1285 390 1352 Deficiens
404 1287 528 1368 animo,
544 1293 664 1353 moesto
680 1307 780 1371 quom
796 1287 895 1352 corde
905 1287 1056 1370 jacebat,

220 1387 351 1452 Funera
364 1393 566 1471 respectans,
581 1389 726 1453 animam
739 1389 929 1454 inmittcbat
942 1389 1096 1454 ibcidcm.

261 1486 400 1580 Quippe
414 1495 449 1553 et
463 1491 548 1552 enim
564 1489 656 1553 nullo
671 1490 848 1554 cessabant
860 1494 1007 1576 tempure
1022 1490 1131 1573 apisci

219 1701 263 1750 qne
274 1687 327 1736 rriia
336 1688 418 1748 ogau
426 1691 490 1737 certo
498 1687 596 1737 remedii
606 1689 735 1738 momoria
749 1689 893 1746 inbebntrrr
909 1687 1004 1750 etenim,
1015 1690 1075 1752 quod
1090 1687 1254 1748 tribrerntfoa
1264 1697 1314 1737 erre

218 1751 274 1802 otiis
283 1764 376 1805 cerm
385 1752 412 1799 in
421 1752 543 1815 mflntur
553 1752 617 1802 c'e'rie
627 1753 716 1810 nunu,
724 1758 747 1803 et
758 1753 847 1803 intueri
852 1753 958 1814 sonim
974 1755 1036 1814 creti,
1051 1753 1078 1802 iri
1095 1758 1147 1801 ernt
1164 1753 1219 1802 ctiir
1234 1753 1312 1816 perrei-

218 1814 273 1878 eiei,
294 1820 319 1864 et
333 1817 483 1879 proepcrnbnt
503 1817 534 1864 iis
551 1820 657 1865 mortem.
691 1817 744 1866 Hoc
761 1823 847 1867 antem
866 1831 938 1866 arm
957 1822 1009 1866 erut
1024 1817 1166 1878 miserabile,
1177 1821 1200 1866 et
1211 1817 1314 1866 mxime

218 1880 374 1942 maimo·
385 1880 410 1928 in
421 1880 458 1929 bis
469 1880 546 1940 rebor,
556 1894 650 1943 nempe
660 1884 728 1943 quod,
739 1895 792 1930 cram
802 1882 899 1944 quirpre
908 1882 1015 1932 cernebat
1029 1896 1054 1930 ee
1063 1886 1198 1945 amputare
1208 1879 1315 1929 morbide

219 1945 250 2004 ci,
260 1948 326 2008 panai
334 1949 393 1993 ercet
402 1946 566 1994 condemnatur
576 1946 607 1993 od
616 1949 722 2007 mortem,
733 1947 869 1998 debilitatur
877 1947 955 1995 caino
964 1945 1089 2006 unguebat
1099 1959 1151 1996 eure
1161 1945 1228 1994 tristi
1236 1946 1313 2004 eorde,

218 2014 242 2057 et
252 2009 378 2072 respiciens
389 2013 486 2057 mortem
517 2010 569 2058 uesi
589 2009 755 2073 propinquam
767 2011 878 2059 reddebat
888 2010 989 2059 nimum
997 2011 1121 2074 extempio.
1156 2009 1225 2066 Quod
1234 2013 1314 2057 corto-

218 2071 260 2134 cio
271 2073 346 2124 morbi
355 2075 450 2136 ropneie
463 2088 480 2122 a
539 2074 650 2138 temporie
667 2073 791 2124 tumulo
809 2073 929 2124 desinebat
949 2087 1032 2138 rupere
1050 2073 1109 2122 abor
1127 2073 1242 2123 homiues
1262 2073 1315 2136 port

677 2213 860 2236 W

221 2318 319 2366 -1224
334 2314 432 2365 remedii
439 2313 516 2364 Vind.
526 2315 557 2365 V.
569 2315 612 2364 ed.
623 2313 656 2391 .⁰·
664 2313 744 2366 Vind.
755 2313 788 2365 fr.
798 2315 868 2363 Mne.
881 2315 913 2391 Β.
926 2317 950 2363 2.
961 2313 1038 2365 Ceut.
1050 2315 1122 2364 Fere.
1133 2313 1183 2363 'nn
1195 2313 1241 2364 Ra.
1254 2313 1315 2363 Aru.

219 2377 308 2430 remedi
319 2379 485 2456 vulp-1225
502 2379 546 2428 ciii
557 2379 589 2430 P.
599 2379 676 2428 Vrnd.
684 2379 717 2431 V.
728 2379 770 2428 ed.
782 2379 858 2430 Bodi.
867 2377 946 2428 Vrnd.
955 2377 986 2430 fr.
999 2380 1068 2430 Mur.
1076 2379 1109 2430 B.
1118 2381 1144 2428 2.
1153 2379 1229 2428 cant.
1242 2379 1316 2427 Fere.

220 2443 398 2572 1111111
408 2445 449 2557 ti
459 2443 946 2584 iti¹riissssii2i·.ie‘iri¹i:·0?;
954 2447 987 2558 i:
1003 2443 1111 2558 uin.
1118 2442 1318 2557 1111111..

221 2573 556 2686 “mittentur
565 2571 1319 2686 iti:teti·„ttri.'¹·i‚:urii⁸·vi;irftf“cttttt

221 2638 304 2765 ιῗῖῐιᾷ.
317 2705 340 2750 1.
350 2672 485 2750 minuet
496 2701 605 2750 mittebat
614 2701 683 2750 Mur.
691 2701 724 2752 B.
734 2705 758 2750 1.
770 2711 798 2749 ct
809 2700 870 2750 edd.
882 2701 925 2748 uni
945 2702 1063 2749 maim
1072 2699 1182 2749 mittebat
1190 2699 1222 2748 P.
1233 2699 1265 2746 V.
1274 2697 1317 2746 ed.

223 2764 258 2815 0·
351 2764 383 2813 Β·
397 2769 421 2842 ³·
516 2765 567 2840 a·
829 2765 935 2880 ‘uu
980 2763 1176 2812 ..i
1195 2761 1319 2876 oret

223 2828 451 2956 rur-un
462 2826 616 2943 iiiiii
629 2861 861 2957 saturnu
874 2890 1080 2942 senen.
1091 2861 1124 2941 r.
1136 2861 1205 2942 m..
1216 2891 1247 2940 n.
1259 2861 1318 2940 1...

223 2961 320 3010 -1222
336 2958 408 3019 eain,
419 2957 512 3006 omicro
523 2962 556 3020 et,
565 2958 598 3007 V.
607 2957 649 3008 ed.
660 2958 709 3008 Tb.
721 2957 869 3008 tta-rrae
884 2956 928 3006 otii
936 2957 1019 3020 pnoirii
1029 2955 1061 3006 P.
1073 2956 1100 3005 in
1112 2965 1171 3006 nou·
1189 2959 1264 3005 -1225
1282 2953 1318 3004 Η.

720 3101 828 3154 NOTAE

225 3230 424 3284 rotareiebnnt:
438 3232 558 3282 Cesserat
566 3230 676 3282 officinm
684 3247 750 3284 mor·
792 3231 946 3298 penderent.
964 3231 1028 3282 one
1037 3227 1140 3294 quidem
1151 3229 1250 3280 incuria
1259 3245 1323 3286 non.

224 3307 274 3367 bin,
292 3312 322 3354 et
338 3304 431 3356 funera
446 3306 556 3358 deerant
575 3307 705 3360 Mortibus
724 3316 752 3359 et
792 3321 920 3373 uunquam
934 3307 1021 3370 plnres
1031 3308 1107 3356 morti
1121 3306 1177 3369 dat,
1196 3322 1271 3372 qnam
1283 3309 1321 3360 ria

225 3384 425 3450 lacrymae,'&c.
793 3382 885 3432 morbi.
918 3383 961 3432 Sic
977 3381 1155 3446 Thucydiden
1180 3382 1321 3434 ‘Omnium

260 3461 751 3527 CoemidDiciturtnmeuHippocrn-
793 3449 1324 3528 autemmaiorurniroeeretgr'ariesimum,

226 3548 265 3590 ter
285 3539 335 3589 hoo
352 3553 486 3589 commune
499 3538 639 3587 remedium
650 3535 753 3600 excogi-
793 3539 821 3584 et
832 3533 941 3583 maxime
951 3533 1115 3597 horrendum,
1129 3533 1198 3600 quod
1209 3535 1323 3588 simulat·

226 3623 305 3680 ture,
325 3613 449 3664 succendi
465 3627 558 3678 nempe
576 3628 624 3678 per
639 3613 754 3678 compita
795 3625 844 3675 qne
854 3609 945 3674 aliquis
952 3608 1102 3660 oeamorbo
1109 3617 1257 3674 correptum
1266 3624 1324 3666 eece

225 3690 347 3741 odoratae
362 3705 440 3754 pyrae
451 3704 563 3739 onraroe.
795 3685 935 3748 sentiebat,
952 3685 985 3734 de
1002 3700 1051 3736 ann
1064 3686 1149 3736 eaiute
1160 3685 1326 3754 desperabat,

259 3771 324 3818 1226
346 3767 408 3817 coeri
425 3765 525 3830 tempto]
550 3765 657 3815 Coetrrrn.
682 3764 755 3816 Peri·
795 3758 1159 3826 aninrumqnederpondebat3
1176 3764 1324 3822 omnieninr

226 3843 335 3910 phrasis.
367 3843 410 3892 Sic
422 3845 516 3892 uuiti.
796 3851 842 3902 epe
859 3837 949 3887 natatio
968 3835 1053 3888 orboti
1070 3839 1151 3888 nrutto
1170 3839 1250 3904 magio
1267 3853 1325 3896 rece

262 3923 325 3970 1228
343 3919 405 3968 iliud
415 3917 440 3967 irr
452 3917 498 3966 biir
507 3913 586 3979 rebec]
608 3915 658 3964 Hir
669 3921 693 3964 ὅ.
704 3929 755 3966 vro.
798 3913 979 3978 projiciebant,
992 3927 1022 3962 ac
1033 3913 1219 3978 negligebant?

228 3989 756 4056 docetiiiuriinprimiaexitiaiepariteret
830 3994 891 4040 1221
911 3989 1032 4057 Deficierre
1048 3990 1140 4054 oraim]
1167 3991 1327 4056 Desperanu,

228 4071 400 4122 miserendum
410 4068 498 4130 irrisae,
513 4067 590 4131 qnod,
606 4067 649 4132 qni
666 4066 756 4116 morbo
797 4081 827 4116 ao
838 4066 950 4116 animun
962 4064 1127 4128 contrahens,
1139 4073 1168 4115 ut
1179 4066 1216 4114 ait
1225 4065 1326 4135 Thucy.

230 4154 392 4207 tenerentur,
406 4145 495 4195 atatim
512 4145 536 4192 iu
549 4143 756 4208 desperationem
797 4141 879 4193 didea.

230 4225 297 4274 irent
313 4223 347 4273 de
365 4222 478 4272 sanitate
495 4218 689 4283 recuperandn3
705 4232 756 4283 qno
830 4220 893 4266 1222
912 4216 1004 4284 Quippe
1019 4220 1042 4266 et
1060 4213 1134 4283 enim]
1151 4215 1186 4266 ii.
1205 4229 1229 4265 e.
1248 4217 1326 4281 qumi,

229 4299 309 4352 debet
327 4305 357 4349 nt
375 4297 471 4348 nuitarn
489 4295 591 4360 corpori
608 4308 694 4346 curan
712 4295 757 4346 im·
797 4293 867 4360 quie.
1321 4285 1326 4294 '
