3050 4852
276 397 310 446 Τ.
333 399 512 448 micuerit
537 403 626 452 cnut
654 405 702 454 uit
727 405 859 456 RERUM
885 410 973 457 Neu.
999 412 1069 458 bili.
1093 414 1117 461 1.
1198 399 1266 468 977⁴

172 545 275 601 ventur,
284 547 311 589 ut
322 554 363 588 rer
375 553 484 605 qouque
495 543 644 606 gignuntur,
654 559 699 594 seu
739 561 830 612 nempe
841 558 962 614 spectata
978 551 1058 615 ipsius
1070 554 1154 604 innuis
1174 561 1266 606 nrturs

172 624 312 680 geruntur:
332 633 439 668 necesse
456 629 505 682 est,
523 621 589 670 irene
605 629 700 672 utrem·
739 639 786 687 per
802 639 840 685 se,
862 633 889 675 et
910 630 1059 690 seperatim,
1081 637 1110 679 ut
1136 632 1263 694 principio

173 706 222 755 que
238 699 356 742 naturam
373 709 429 744 esse
444 709 490 758 per
508 712 535 744 se
556 711 661 758 merent,
674 706 700 748 et
738 708 866 762 separato.
899 703 990 766 Pergit
1001 711 1097 768 entem,
1114 713 1141 756 et
1159 715 1266 759 conetur

172 781 278 832 pirrum:
297 769 314 817 i.
324 784 348 818 e.
368 777 395 818 et
412 785 522 834 corpore
542 773 700 835 primmqute
740 777 878 826 ostendere
889 779 937 830 hoo
956 790 1107 842 argumento
1121 783 1267 844 ereretins,

173 846 283 894 dicimus
307 861 364 894 esse
383 847 512 911 principis
532 863 627 910 rernm,
645 863 700 900 esse
739 865 849 917 torpore
861 857 944 916 prims
961 871 1019 906 esse
1030 857 1229 922 rimpiirisriurn,
1240 871 1268 911 et

172 922 254 970 innuis
266 923 399 985 expertia:
418 929 445 972 et
456 931 548 973 rontrn
558 925 634 973 inune
646 939 701 974 esse
739 929 900 989 solidissimo,
922 937 1010 995 utpote
1039 933 1108 984 inani
1131 939 1268 988 carentis:

171 997 361 1060 incorporeum,
370 1006 399 1049 et
410 999 442 1047 ab
454 1001 522 1049 omni
535 1014 644 1064 corpore
657 1015 700 1049 ru·
738 1005 951 1067 quemadmodum
963 1008 1038 1058 inune
1050 1011 1160 1060 alterurn
1174 1012 1268 1074 prinoi-

172 1087 258 1122 cuurn.
276 1074 327 1124 Sed
347 1075 418 1126 dicet
428 1077 529 1141 aliquis,
542 1076 567 1124 in
581 1077 649 1126 ineni
662 1075 698 1126 fe·
740 1080 810 1142 pium
828 1081 1003 1132 mollissimum
1023 1091 1080 1133 est:
1105 1093 1196 1149 utpote
1214 1103 1270 1138 cor·

172 1157 265 1214 rentur
277 1157 453 1201 etmorentnr
472 1166 582 1215 corporo
600 1151 698 1215 primu
741 1157 810 1218 poris
831 1159 912 1208 omnis
940 1175 1044 1224 expers,
1066 1169 1093 1212 et
1116 1164 1268 1228 corporibus

173 1239 236 1287 ergo
254 1239 304 1274 non
317 1234 357 1275 est
369 1227 446 1276 ulium
459 1242 551 1290 purum
564 1228 649 1278 inune.
661 1243 699 1276 re·
742 1232 1074 1286 omniburredeuudumt.
1144 1285 1146 1292 ,
1198 1277 1201 1284 .

173 1301 341 1365 spondeo,ea
351 1303 451 1354 ratione
459 1305 535 1353 inane
543 1319 590 1354 sus
599 1311 699 1361 ustum,
774 1312 822 1356 tiltt
843 1310 945 1358 Vuruum
960 1311 1046 1375 Inone]
1063 1314 1138 1364 Quod
1159 1316 1269 1366 otiosum

174 1381 201 1424 et
213 1390 259 1439 per
270 1389 297 1426 se
310 1385 411 1442 purum,
426 1394 457 1428 so
470 1394 568 1430 merum
580 1380 700 1444 intelligi,
742 1383 804 1432 ulios
816 1385 958 1448 epithetum
975 1389 1107 1438 addidisse
1118 1397 1193 1440 nutet
1203 1394 1269 1442 Tur·

174 1451 243 1514 quod
255 1453 353 1511 sedem,
370 1462 398 1503 et
408 1455 503 1518 locum,
514 1463 541 1504 et
553 1457 620 1504 vium
638 1469 701 1518 prae·
742 1460 823 1508 nebus
833 1459 900 1510 Adv.
909 1469 933 1512 5.
946 1467 986 1512 24.
1001 1478 1058 1512 eum
1072 1465 1134 1514 elios
1148 1467 1193 1515 ser
1202 1483 1265 1534 quo-

174 1526 391 1591 ireteorporilrur.
424 1530 499 1582 Quod
508 1531 529 1580 si
538 1531 614 1580 aliter
624 1537 702 1594 esset,
742 1549 792 1599 que
809 1535 884 1584 inens
907 1545 1021 1589 vocetur.
1040 1541 1130 1602 Virgil.
1149 1541 1206 1590 AEn.
1230 1546 1269 1593 12.

173 1604 199 1652 id
209 1605 287 1666 ert,si
299 1605 395 1654 nulium
405 1615 475 1656 esset
486 1605 562 1656 inune
571 1621 618 1671 per
627 1620 664 1670 se,
674 1613 702 1656 et
742 1615 800 1661 906.
833 1613 840 1639 ‘
852 1613 915 1662 Tum
938 1615 1004 1676 lepis
1026 1616 1081 1680 ipse
1094 1618 1142 1667 viri
1161 1633 1270 1668 vacnum

173 1688 423 1744 scorporesnstntr
432 1689 597 1747 separatum:
611 1699 701 1747 corpo·
742 1701 790 1750 per
806 1687 881 1738 inune
900 1690 1019 1740 volutus!
1046 1707 1103 1757 quoe
1127 1694 1210 1744 nostri
1230 1701 1272 1744 est

173 1758 294 1820 reprime
311 1773 361 1808 nou
377 1758 506 1808 haberent
519 1759 561 1807 ubi
578 1757 702 1809 consiste·
743 1763 861 1814 imitatio.
875 1767 939 1815 Hau.

174 1842 242 1897 rent,
258 1843 303 1884 sut
321 1850 370 1898 que
388 1844 562 1884 moverentur.
581 1835 648 1898 quod
662 1849 704 1884 ou·
774 1844 821 1889 till
841 1840 902 1890 &rut
923 1843 1001 1905 igitm
1017 1845 1101 1906 solido,
1120 1845 1174 1908 qu]
1201 1847 1271 1910 Ergo

174 1917 227 1960 teru
244 1925 355 1975 corporo
366 1911 448 1974 prims
466 1911 491 1958 in
505 1911 584 1972 insui,
596 1925 641 1960 seu
658 1925 704 1974 prr
741 1913 850 1979 (iuquit)
863 1931 972 1980 corpore
982 1918 1075 1981 prims,
1085 1927 1210 1983 querunt
1219 1921 1271 1986 pri·

174 1987 251 2036 inune
262 1994 421 2052 moveantur,
440 2001 492 2036 uon
510 1987 607 2036 iccir'co
619 1987 703 2035 minus
741 1993 840 2040 ,mordie
857 2007 953 2056 rerum,
970 1994 1002 2042 eb
1014 1995 1082 2042 inani
1094 2004 1224 2059 seperate,
1236 1996 1270 2044 ei·

174 2063 250 2112 inane
269 2078 361 2126 purum
387 2063 550 2127 intelligitur.
582 2061 650 2116 Quin
673 2076 704 2111 en
742 2069 1270 2136 qnepionesdrersn,sbinruisuntple·

174 2138 313 2202 ipso,qnod
323 2138 349 2186 in
361 2138 430 2187 innui
439 2152 547 2201 corpore
556 2139 638 2201 priore
650 2152 703 2186 mo·
742 2157 774 2194 ne
788 2159 875 2194 vocum
891 2146 974 2196 hub.

176 2224 277 2275 rentur,
290 2215 371 2279 ipsius
383 2214 465 2264 inanis
478 2220 570 2264 natum
582 2229 648 2277 pure
659 2212 703 2262 de·
774 2219 833 2270 Sino
844 2221 923 2284 innui]
934 2223 956 2272 l.
974 2237 998 2272 o.
1009 2221 1116 2285 ἀμέτοχα
1135 2222 1211 2283 κενοῦ,
1228 2236 1271 2272 seu
1281 2215 1300 2224 '¹

176 2295 300 2344 claretur.
335 2292 393 2342 Hoc
406 2294 474 2342 enim
487 2293 560 2342 uacui
576 2299 655 2356 atque
667 2291 704 2340 in·
742 2294 825 2345 inanis
835 2298 960 2360 expertio-
979 2298 1063 2349 taut.

177 2372 231 2420 nnis
244 2370 375 2434 proprium
386 2376 436 2433 eet,
455 2367 608 2432 corporibus
621 2368 704 2416 lorum
777 2377 826 2421 512
845 2373 979 2436 Protirru]
1003 2373 1095 2424 Altero
1122 2375 1199 2438 retio,
1226 2389 1274 2440 per

177 2454 204 2495 et
218 2446 469 2510 vinmsuppeditare,
482 2453 509 2494 et
520 2459 627 2508 corpora
639 2444 664 2492 in
679 2456 706 2491 se
742 2462 818 2512 quem
830 2449 933 2512 probet,
944 2463 1054 2513 corporo
1067 2451 1151 2514 primu
1170 2465 1226 2500 eme
1238 2451 1275 2499 tn.

177 2523 303 2586 recipere,
314 2521 503 2584 etcorptitibtls
515 2519 626 2570 cedere:
645 2532 706 2568 con·
744 2523 799 2573 anis
822 2526 950 2588 expertia.
983 2526 1035 2574 Res
1054 2528 1151 2590 genitoe
1167 2526 1276 2591 (inquit)

178 2603 217 2646 tre
236 2613 373 2661 corporum
391 2597 524 2661 proprium
542 2602 583 2645 est
594 2595 709 2656 obstare,
743 2599 839 2648 hubent
860 2600 884 2646 in
896 2614 924 2648 se
936 2601 1061 2650 inclusum
1074 2601 1164 2650 ineue:
1182 2601 1276 2664 alioqui

176 2675 325 2738 utiliumque
346 2673 414 2723 uliud
435 2686 530 2736 corpus
550 2673 576 2720 in
597 2685 626 2720 se
643 2671 708 2720 reoi-
745 2687 796 2721 nou
809 2673 959 2734 interirent,
971 2688 1054 2738 neque
1066 2675 1277 2725 dissolverentur.

176 2766 249 2814 pere.
266 2749 349 2800 lamb.
384 2747 554 2800 Observenda
573 2746 710 2809 Latinitas,
746 2748 851 2799 Quodsi
862 2747 1226 2816 obidintereunuqutuiueu
1237 2758 1278 2800 est

177 2829 185 2856 ‘
198 2827 316 2890 Utroque
337 2825 386 2875 sibi
407 2840 454 2888 per
470 2840 497 2874 re
509 2832 550 2874 est
561 2823 578 2874 :'
596 2823 709 2872 arbitror
747 2823 839 2872 inane:
858 2826 991 2874 materiam
1002 2826 1081 2890 igitur
1093 2827 1204 2891 aliquam
1217 2827 1275 2876 soli-

182 2910 267 2953 eutenr
279 2902 348 2952 istud
360 2902 406 2951 rili
413 2901 576 2965 jungendum
587 2913 643 2948 esse
652 2913 709 2948 enm
747 2899 806 2949 dom
818 2906 846 2949 et
862 2899 944 2950 inenis
956 2907 1089 2965 expertem
1102 2908 1221 2951 constare
1233 2916 1277 2950 ue-

177 2995 202 3028 re
210 2996 221 3037 ,-
239 2979 408 3029 utidioebent
420 2992 490 3028 mens
501 2977 641 3038 milri,tuus
653 2974 711 3036 tibi,
748 2990 821 3026 cesse
842 2984 891 3039 est,
912 2991 944 3027 ne
959 2989 1000 3026 reu
1020 2991 1106 3026 omnes
1125 2977 1159 3025 ed
1171 2977 1277 3026 nihilum

174 3071 238 3108 uuus
247 3055 363 3118 sibi,&c.
374 3069 421 3118 pro
434 3069 466 3104 eo
475 3054 519 3119 qui
531 3053 641 3102 maxime
651 3067 710 3114 pro·
748 3053 909 3118 redigentur.
920 3053 1004 3105 Lami
1022 3055 1111 3102 Vrsa.
1119 3055 1242 3117 stipponit
1250 3055 1277 3105 iu

178 3135 237 3196 pius
255 3131 294 3181 uui
304 3131 427 3181 liniturus
445 3137 524 3182 esset.
559 3129 711 3191 Exemplee
749 3129 826 3181 r'ebns
838 3131 977 3193 concretis,
992 3143 1053 3195 quer
1070 3131 1170 3193 genitus
1192 3134 1275 3192 uocet,

181 3211 278 3260 Plauto
304 3208 480 3272 Terentioque
508 3206 563 3272 peti
595 3209 712 3269 possunt.
749 3209 819 3257 vorin
841 3208 952 3270 spatiolo
969 3207 1054 3256 inanis
1073 3205 1234 3266 intermists;
1251 3213 1279 3254 et

182 3286 246 3336 Fut.
750 3292 804 3336 turn
825 3285 917 3348 adjicit
928 3298 1039 3348 corpore
1051 3282 1144 3346 primu,
1161 3296 1206 3329 seu
1219 3279 1279 3329 sim-

174 3412 179 3418 ,
213 3367 261 3412 ⁵08
280 3362 632 3426 Quocumqurrurutrputiumr
649 3367 712 3409 etur
749 3361 839 3426 plicia,
858 3374 915 3410 erse
935 3357 1053 3423 perfecte
1070 3356 1170 3407 solide:
1187 3370 1279 3417 conge·

180 3455 291 3502 ΨΜ,
310 3441 365 3503 iffi]
383 3441 441 3490 Hoc
454 3441 508 3503 ipso
528 3437 632 3486 refelles
644 3435 712 3500 quod
750 3437 878 3488 riesenim
891 3438 997 3486 istorum
1017 3434 1172 3498 simplicium
1190 3448 1281 3496 eorpo-

181 3516 275 3565 mserit
287 3513 409 3565 Gifauius
423 3516 448 3563 in
460 3516 504 3564 illo
522 3527 568 3562 suo
577 3511 668 3563 indice
681 3509 712 3560 ad
751 3527 805 3562 rum
823 3513 910 3561 inania
922 3513 965 3560 ille
985 3512 1111 3574 continet,
1124 3517 1151 3558 et
1163 3507 1226 3572 quid
1236 3505 1279 3556 in-

179 3593 266 3642 locum
292 3592 428 3656 quemdam
453 3590 542 3640 Ovidii
560 3590 586 3638 iu
604 3591 714 3638 vocent·
750 3603 798 3638 nee
811 3595 899 3652 potest
910 3587 1043 3636 continere
1054 3593 1151 3650 proeter
1163 3584 1281 3645 solidum,

180 3668 342 3718 Testimouia
365 3669 447 3717 multa
463 3667 570 3729 collegit
590 3664 713 3715 Ciosenus
750 3665 800 3714 nisi
819 3665 876 3728 quis
895 3661 977 3726 linget
1000 3663 1075 3712 inane
1096 3675 1172 3724 posse
1195 3660 1281 3710 inante

182 3746 213 3794 ed
226 3747 298 3808 Eleg.
310 3751 334 3795 1.
346 3744 392 3793 lib.
404 3749 427 3792 1.
441 3743 619 3791 Ponticorum.
636 3739 696 3790 Fui.
752 3739 907 3804 complectit
924 3741 959 3790 Et
970 3737 1074 3787 demum
1085 3751 1136 3787 vus.
1146 3740 1171 3786 2.
1193 3743 1282 3786 monet

212 3825 265 3869 6⁰9
284 3823 377 3882 corpur
394 3834 421 3867 ru
441 3833 487 3866 nun
502 3816 551 3879 est]
568 3817 669 3879 Corpus
682 3829 714 3864 ee
750 3817 800 3867 iste
821 3816 904 3866 solida
924 3816 994 3864 nulls
1015 3814 1039 3862 ri
1058 3811 1173 3876 diffringi
1195 3827 1282 3877 posse,

180 3896 284 3962 quidem
303 3903 377 3959 perte
394 3909 445 3943 non
457 3900 506 3952 est,
518 3905 568 3956 que
589 3898 662 3955 perte
674 3899 714 3940 est
751 3892 863 3956 ideoque
875 3888 1062 3940 indissolubilia
1077 3902 1147 3952 este,
1166 3895 1193 3938 et
1206 3895 1281 3938 aeter-

181 3973 276 4021 inune:
300 3971 348 4020 sed
368 3977 454 4019 tomen
477 3970 538 4018 nihil
561 3973 643 4032 vetet,
662 3981 713 4031 quo
750 3986 792 4021 uo.
811 3971 907 4020 Crescit.

180 4049 266 4098 minus
287 4062 335 4114 per
357 4047 433 4097 iuene
456 4047 576 4095 ferantur
602 4059 714 4108 corpore
785 4044 1011 4098 contristaretur
1027 4046 1094 4094 mnne
1111 4041 1157 4104 est]
1174 4041 1277 4105 Alioqui

183 4127 274 4190 prime.
308 4125 375 4174 Heu
395 4123 580 4188 igiturrerbu,
598 4123 714 4185 ‘Corpus
750 4135 880 4184 nunquam
899 4120 1118 4169 dissolverentur:
1152 4117 1203 4164 imo
1222 4129 1285 4166 uun·

147 4227 149 4230 v
183 4215 216 4250 en
227 4215 277 4249 uon
297 4205 355 4262 est‚¹
372 4200 409 4248 sic
425 4199 559 4262 intellige:
578 4211 611 4246 en
630 4204 715 4260 parte,
751 4211 826 4260 quom
839 4203 935 4248 ureatae
947 4194 1067 4244 fuissent.
1085 4191 1144 4242 Fau.

179 4290 234 4340 *qua
248 4283 323 4342 purte
335 4283 374 4326 est
392 4277 476 4336 inune,
487 4288 539 4324 nou
558 4282 597 4324 ert
613 4285 715 4337 eorpus,
784 4275 831 4321 ott
851 4274 902 4322 Ner
923 4286 961 4321 m
977 4272 1026 4320 ulio
1042 4273 1130 4332 potest,
1151 4265 1206 4330 ξω]
1227 4266 1249 4320 l.
1262 4281 1285 4317 e.

254 4357 340 4421 Delpir.
351 4363 373 4404 et
388 4357 445 4406 Vor.
456 4357 520 4405 Cius.
701 4353 799 4404 Lurrrt.
1163 4352 1178 4399 8
1195 4348 1220 4400 Q
