3066 4848
290 445 323 492 r.
347 445 523 494 uunnnnu
549 444 638 492 cunr
664 444 712 492 un
736 445 870 495 nurum
895 447 981 496 uun.
1005 449 1075 498 ure.
1100 451 1140 498 ιι.
1190 435 1270 500 1075

182 599 237 638 tum
257 586 431 636 confirmator.
464 586 642 636 Altnrlrorum
654 601 707 636 mo·
746 597 841 638 motum
864 589 982 640 deorsum
1002 607 1017 642 e
1036 593 1156 656 regione:
1174 601 1271 646 etmo-

184 670 255 713 tuum
274 669 314 713 eet
333 663 469 725 naturalis,
491 663 617 712 violento:
636 663 710 726 alter,
746 672 799 716 tum
819 681 867 730 per
885 667 1089 720 declinationem.
1120 669 1271 722 Seddieen·

183 747 293 802 nterque
305 737 499 802 generationiet
511 738 659 788 resolutioni
669 753 710 788 re·
745 741 805 792 dum
814 749 863 804 eet,
874 744 1051 807 Plutarchum,
1068 751 1095 795 ct
1111 746 1150 796 Μ.
1160 747 1226 796 Tuli.
1244 749 1270 798 ln

184 826 240 862 ram
262 813 429 862 ueoeonrlm.
472 814 602 876 Epicuron
621 814 710 864 docuit
745 817 824 870 iilol.
844 820 903 869 libri
919 820 952 870 de
969 819 1061 872 linibus
1079 823 1269 887 loco,prneter-

181 891 293 940 κινεῖσθαι
307 889 342 940 rb
356 888 433 951 drapo
442 888 514 953 reiro,
527 889 584 940 rori
596 889 640 950 μΙν
650 891 710 940 rard
745 894 805 944 iisse
825 901 933 952 motum,
949 896 992 961 qui
1010 895 1041 946 m
1057 912 1156 948 eurtum
1174 913 1220 960 per
1235 901 1270 950 ic·

182 963 361 1030 ordtppmori
371 964 396 1015 li
409 963 634 1029 carbrnpksmmr
644 966 710 1017 eddi
746 976 811 1031 tum,
825 985 870 1020 aen
882 972 992 1035 plagam,
1010 979 1103 1036 utpote
1121 975 1271 1040 uiolentam,

181 1039 229 1089 dau
237 1037 359 1102 euoluere
373 1040 434 1091 :corb
448 1041 593 1103 rumoni
607 1041 709 1104 παλμόν.
744 1045 898 1110 minimeque
910 1048 1061 1098 naturalem.
1088 1048 1280 1112 Diogenennu-⁴

183 1117 310 1168 Labrtlnn.
329 1119 425 1170 Creuit.
746 1127 797 1170 tem
829 1122 947 1172 La'e'rtiu:
972 1122 1101 1187 triplicem
1126 1130 1270 1178 atomorum

214 1197 247 1243 titi
270 1196 369 1246 Neeem
387 1201 423 1246 nt
438 1195 490 1246 Aul
507 1196 637 1258 graoitete,
656 1193 711 1260 iso]
746 1205 842 1247 motum
853 1198 885 1246 ab
900 1197 1009 1261 Epicuro
1027 1199 1137 1260 poritum
1150 1213 1207 1248 etro
1218 1213 1270 1250 non

184 1269 308 1334 Loquitur
326 1272 369 1321 bie
386 1272 419 1322 de
436 1271 549 1322 motibus
565 1274 709 1322 duntaxat:
745 1275 855 1322 obecnre
873 1274 954 1323 tradit
976 1273 1016 1321 bin
1038 1272 1138 1322 verbio:
1162 1275 1272 1324 κινεῖσθαι

183 1359 290 1408 quornm
307 1347 374 1397 nlter
389 1348 501 1398 omnium
515 1348 656 1412 ponderum
669 1355 709 1398 est
744 1346 806 1396 olet
816 1348 892 1408 ἄτομα
902 1345 1272 1412 ntramlptrmtmum,

183 1422 311 1486 proprior,
337 1431 496 1487 vocaturque
520 1432 605 1474 motus
635 1425 708 1474 deor·
744 1421 834 1474 mint
849 1423 910 1473 nord
925 1422 1222 1488 «mammetem
1237 1444 1272 1478 ru·

183 1497 285 1558 tunnad
294 1497 518 1562 perpendiculum,
528 1499 594 1549 etad
603 1500 708 1549 lineam:
744 1499 923 1562 rememorem
939 1499 1034 1561 :ruma
1044 1497 1083 1548 eoi
1099 1500 1198 1562 παλμόν.
1214 1503 1232 1552 Ι.
1245 1516 1270 1552 e.

182 1571 249 1620 alter
259 1571 289 1622 iit
301 1588 348 1636 por
358 1573 448 1636 ictum,
458 1588 503 1625 seu
515 1576 626 1640 pingam,
634 1589 709 1625 roca·
745 1575 863 1626 ‘moveri
890 1584 975 1626 antem
1002 1589 1112 1639 corpore
1138 1576 1271 1628 individua

182 1654 278 1712 turone
288 1654 373 1698 motu:
383 1663 492 1701 aunum.
525 1651 572 1700 Eut
581 1655 609 1699 et
617 1651 709 1699 terliur
745 1666 813 1702 nunc
824 1651 857 1701 ad
868 1652 970 1714 lincam,
981 1665 1048 1700 nunc
1060 1665 1107 1714 per
1119 1651 1272 1702 declinetio-

182 1732 267 1776 motu:
280 1726 334 1775 κοτ’
351 1725 466 1791 ἔγκλισιν,
478 1728 494 1776 Ι.
505 1742 529 1777 e.
547 1727 610 1790 ‘per
628 1728 710 1777 decli·
744 1741 802 1776 nem
813 1743 820 1787 ς
832 1733 967 1788 enautem,
982 1741 1039 1790 quen
1053 1740 1152 1776 currum
1166 1740 1270 1778 meven-

181 1802 331 1863 natienem‚'
353 1819 429 1868 qnenr
448 1804 515 1856 infra
529 1820 710 1856 commemora·
745 1809 799 1862 tur,
808 1801 863 1851 ictu
871 1801 989 1865 quodam,
998 1807 1026 1850 et
1038 1801 1215 1864 palpitatione,
1224 1815 1271 1850 teu

183 1879 221 1927 rlt
240 1877 397 1930 Lueretius:
420 1882 464 1946 qul
487 1881 654 1946 quamobrem
676 1881 709 1931 ab
746 1877 914 1928 coronatione
931 1877 1040 1941 quadam
1052 1876 1169 1926 moueri!
1185 1875 1270 1929 lamb.

182 1953 296 2016 Epicuro
315 1954 351 2004 rit
367 1957 541 2018 excogitatus,
558 1957 654 2006 docent
670 1956 709 2005 M.
777 1958 809 2003 88
828 1951 1017 2014 Grooitntcnun]
1033 1954 1122 2004 Motu:
1136 1950 1169 2002 ul:
1183 1951 1216 2002 τὸ
1228 1951 1271 2002 ud·

181 2029 251 2079 Tull.
264 2036 292 2079 et
308 2029 463 2080 Plutarchus
479 2033 564 2080 multi:
581 2033 654 2082 locis.
672 2034 709 2083 M.
745 2046 787 2090 roo,
797 2028 925 2080 deortum.
944 2027 1004 2078 rao.

181 2103 251 2172 'l'ull
262 2105 296 2154 de
307 2105 387 2157 Fato:
405 2107 473 2156 ‘Sed
492 2107 620 2170 Epicuron
632 2107 710 2156 decli·
778 2110 809 2155 ⁸4
824 2103 1158 2166 Autereoumtottertuc]
1173 2102 1272 2154 stoba-

183 2180 288 2230 natione
299 2181 376 2232 atomi
385 2181 460 2230 ultani
469 2181 517 2230 leti
527 2184 708 2233 necessitatem
745 2182 809 2232 beot
826 2187 928 2230 uetere:
948 2180 1046 2242 aliquot
1067 2178 1178 2230 codicet.
1210 2177 1273 2236 Alii.

182 2261 268 2318 potat.
299 2255 496 2320 Itaquetertiun
509 2255 612 2320 qnidam
624 2266 708 2307 metue
745 2257 1062 2318 etmarimevnignti,nut
1075 2255 1270 2315 ldesorleolte·

181 2331 265 2382 oritur
274 2338 350 2382 extre
361 2331 462 2396 poudut
473 2338 500 2381 et
517 2333 630 2395 plepem,
649 2347 707 2382 cum
743 2332 802 2382 rim.
837 2333 893 2395 Ego
916 2331 972 2381 illo:
994 2343 1095 2396 sequor.
1129 2329 1270 2395 Vulgatnm

181 2405 295 2456 declinat
314 2414 413 2457 ntomn:
430 2409 567 2457 intervallo
584 2410 705 2460 minimo:
744 2410 882 2458 lectionem
902 2415 997 2470 tamen,
1012 2407 1064 2458 Aul
1077 2408 1127 2457 ictu
1135 2407 1272 2466 suueuia·

182 2481 209 2530 id
224 2483 340 2546 eppellat
351 2480 492 2544 ἐλάχισται
510 2496 585 2547 qnam
597 2482 707 2534 declina·
743 2484 803 2546 riae,
813 2498 865 2533 non
881 2481 986 2545 damno,
1001 2483 1046 2532 ted
1061 2484 1169 2532 alterum
1181 2482 1272 2532 iectio-

183 2557 279 2608 tionem
290 2559 345 2608 eine
355 2573 433 2609 cause
448 2558 514 2614 lieri,
525 2559 546 2606 al
558 2560 642 2608 minua
654 2574 708 2609 ver·
745 2573 804 2608 nem
813 2557 837 2606 ei
845 2565 983 2621 antepono.
990 2556 1072 2606 mel.
1089 2558 1140 2606 Aet
1151 2557 1273 2616 intumo

181 2631 231 2694 blo,
241 2647 270 2682 re
279 2633 382 2696 cogitur
391 2630 527 2682 confiteri!
557 2632 609 2681 Sed
617 2633 650 2682 de
661 2635 709 2684 bac
745 2631 854 2694 alteriue]
878 2631 920 2680 lta
936 2630 1033 2692 vulgati
1050 2629 1108 2680 libri
1125 2636 1153 2678 et
1170 2638 1273 2680 reteren

182 2707 355 2757 declinatione
382 2707 496 2756 dicemur
520 2720 567 2756 ouo
589 2708 655 2758 loeo.
676 2709 709 2757 de
746 2707 858 2773 qnidam.
891 2707 944 2757 Sed
963 2709 990 2755 in
1008 2706 1158 2770 quibusdam
1179 2707 1292 2756 vetcrb.

183 2788 255 2833 motu
278 2787 374 2842 nutem,
395 2782 439 2846 qui
458 2781 488 2831 lit
517 2781 646 2847 deorsum,
671 2785 710 2834 :ic
748 2783 795 2833 bu:
806 2780 894 2832 borlo:
911 2783 963 2831 Aut
982 2782 1034 2830 ictu
1052 2781 1143 2841 aufem
1160 2783 1204 2832 cll.
1237 2783 1274 2834 Et

182 2857 251 2908 idem
263 2858 301 2906 M.
309 2858 408 2907 'l'uliiuo
416 2857 460 2908 lib.
469 2862 493 2907 1.
502 2857 535 2907 de
545 2857 616 2908 finib.
626 2862 634 2887 ⁸
643 2860 711 2912 Cen·
746 2873 823 2908 mox:
834 2858 900 2906 Non:
910 2857 1000 2906 concilo
1008 2870 1069 2919 eope
1077 2856 1161 2918 Odoin,
1172 2857 1273 2922 conflix-

182 2932 710 2997 retent-,eademillatodivtuuaetooti·
747 2948 786 2982 ere
803 2934 839 2982 ito
861 2933 898 2980 oti
914 2933 1016 2982 dioerm
1045 2929 1100 2980 (lif.
1136 2932 1189 2984 Aut
1210 2932 1274 2996 blo]

183 3008 217 3058 dn
238 3023 348 3072 corpora
364 3008 428 3059 ferri
448 3023 496 3060 nnn
511 3009 630 3059 deoraum
648 3026 710 3075 pon·
747 3008 1102 3071 Motuuisrdibe,aurenm.
1122 3008 1180 3059 Ful.
1222 3010 1274 3060 Atti

183 3085 248 3136 dere
258 3085 290 3134 nd
301 3085 492 3136 linenmrbunc
500 3087 645 3136 naturalem
654 3101 710 3137 eece
746 3087 797 3134 ictu
817 3085 920 3145 ecferri:
946 3085 1092 3135 Lambinus.
1126 3085 1162 3134 Et
1176 3084 1203 3134 in
1218 3086 1275 3149 qni·

184 3159 296 3210 omnium
318 3174 454 3224 corporum
476 3169 590 3212 motum:
616 3162 711 3213 deinde
749 3162 856 3211 bundam
872 3161 955 3212 Codd.
975 3162 1039 3210 Neon
1055 3162 1146 3211 :mollo
1159 3175 1210 3212 ecee
1224 3161 1275 3210 ol·

183 3234 278 3284 ibidem
300 3236 376 3286 bomo
399 3243 499 3298 nentur,
515 3251 573 3286 cum
590 3236 654 3286 illud
666 3252 708 3287 oc·
748 3237 788 3286 eiu
808 3235 980 3300 medioereito
998 3237 1035 3286 uti
1051 3237 1144 3286 dinem
1164 3243 1276 3300 reperte:

183 3317 312 3373 curreret,
322 3312 344 3360 ri
355 3312 440 3360 omnia
451 3311 569 3360 deormm
580 3326 595 3361 e
605 3313 709 3376 regione
748 3326 824 3376 quom
834 3312 974 3363 lectionem
986 3319 1108 3376 tanquam
1116 3312 1276 3376 probabilem

183 3383 325 3447 ferrentur,
347 3393 385 3448 et,
404 3394 433 3436 ut
459 3386 524 3447 dixi,
547 3386 579 3435 ad
606 3387 711 3452 lineam,
750 3389 931 3454 amplectitur:
950 3389 1275 3452 etiataminterpretinla·

184 3455 312 3526 nunquan:
323 3460 387 3525 t'nrc,
399 3467 428 3511 ut
443 3469 542 3512 atomon
554 3463 637 3511 ultera
646 3465 710 3516 alte.-
750 3464 873 3515 cilitatem
885 3464 989 3514 damnat
1001 3465 1088 3528 pnite,
1099 3473 1126 3514 et
1134 3465 1274 3515 lectionem

184 3549 239 3586 ram
251 3543 339 3599 poscet
349 3537 487 3598 attingere,
503 3535 540 3586 ita
554 3538 641 3587 attulit
657 3553 710 3588 rem
749 3540 850 3604 rejicit3
869 3555 926 3589 nan:
944 3540 1031 3603 grauia
1047 3540 1145 3590 nemina
1156 3539 1276 3597 deorsum

185 3613 403 3662 commentitiam:
421 3612 552 3662 declinare
570 3613 637 3664 dixit
654 3620 710 3664 ato·
750 3615 869 3678 tendunt,
890 3615 1000 3681 ideoque
1017 3615 1277 3665 conciderandenunt·

185 3701 253 3737 marn
275 3689 453 3751 perpaullum:
469 3703 520 3751 quo
543 3688 605 3736 nibil
623 3696 711 3752 pooiet
750 3697 870 3753 tanquam
887 3690 1015 3754 ‘superne
1028 3690 1120 3740 obvia!
1138 3691 1234 3740 Greeob.

184 3761 241 3813 lieri
253 3763 350 3813 minut:
369 3763 408 3814 ita
427 3761 497 3814 effici
513 3764 714 3830 complexiones,
797 3766 861 3815 Nou
878 3766 927 3815 :ile
943 3779 1042 3827 rapam
1060 3765 1136 3815 Odoin
1151 3764 1275 3828 cunflioeu

185 3845 214 3889 et
227 3839 415 3903 copulabunt,
435 3845 463 3888 et
483 3838 641 3890 adhaesione:
655 3848 710 3890 nto-
749 3839 921 3906 erembaldi}
931 3838 1275 3903 Hujuoncripturmeenten·

185 3929 284 3968 morum
303 3913 372 3965 inter
388 3929 430 3965 oe:
447 3930 479 3964 ex
496 3931 547 3980 qno
564 3915 712 3966 efficeretur
750 3916 788 3964 tia
799 3917 934 3979 perspicua
945 3923 994 3965 eet.
1007 3914 1097 3978 ptinere
1116 3920 1212 3975 antem,
1222 3914 1239 3962 i.
1253 3925 1276 3964 e.

186 3990 303 4054 mundun,
331 4004 470 4057 numenque
500 3999 586 4055 parte:
614 3991 711 4055 mnndi,
751 4003 798 4053 per
825 4003 977 4040 concurrum
996 4003 1025 4038 re
1044 3996 1134 4038 mutuo
1160 3987 1279 4049 contige·

185 4082 296 4132 quaeque
317 4067 343 4116 in
365 4081 398 4117 en
420 4066 523 4115 errent!
555 4065 711 4118 Plutarebua
750 4069 1058 4128 ruot‚eteoncnurernnt.
1082 4063 1173 4112 Utitur
1183 4060 1279 4110 eodem

185 4141 249 4192 item
267 4141 313 4192 lib.
326 4146 351 4192 Ι.
368 4140 420 4204 :repl
440 4143 488 4190 rein
506 4141 628 4205 dpoonln.
647 4143 712 4193 duo:
751 4140 839 4202 verbo,
856 4146 902 4188 ant
920 4147 993 4188 certe
1011 4137 1128 4202 ejusdem
1147 4135 1279 4185 verbim·

186 4223 271 4268 ιοΙυ
288 4218 416 4268 duntaxat
430 4216 464 4266 ab
483 4217 596 4280 Epicuro
613 4217 711 4280 positor
751 4216 846 4279 pinno.
859 4219 931 4268 1051.
947 4209 1204 4276 ‘Pulcerequeliietn
1215 4211 1278 4260 Fer·

187 4307 243 4344 ecre
264 4291 356 4358 refert,
377 4299 474 4344 motum
496 4291 529 4342 ad
546 4292 650 4354 bneam,
666 4306 712 4342 reu
751 4305 797 4342 rea
808 4295 879 4341 texta
890 4290 954 4354 ono,'
968 4293 1018 4340 &o
1050 4288 1093 4340 Sic
1110 4287 1178 4337 anim
1194 4287 1229 4338 ibi
1242 4287 1277 4340 le·
