3066 4848
294 429 328 476 r.
356 429 534 479 nuonnrrr
558 433 647 482 orer
674 433 722 482 nn
748 433 879 484 nnuon
906 435 1153 484 memoritur.
1196 420 1283 492 titt

219 577 268 623 5⁰9
285 575 337 624 Nec
347 588 458 640 euperem
473 583 559 640 queant
575 582 652 628 mitta
668 577 715 626 uti·
784 581 833 626 tto
860 579 894 626 Et
920 581 1062 641 mperumur
1087 578 1158 641 deae]
1190 579 1282 632 videri

185 663 229 712 qae
239 651 360 715 admira]
376 652 399 704 1.
410 667 433 703 e.
452 667 500 704 nec
520 653 610 717 utique
630 661 715 703 motus
753 653 837 716 pontit
848 652 890 702 lric
901 667 990 704 verane
1001 668 1034 704 ex
1046 654 1143 704 Lucilio
1154 663 1283 719 comptor,

185 725 314 788 uxtttdea,
331 735 358 776 et
370 727 495 790 peatit'eri,
511 741 552 778 ret
563 729 662 790 genitur
672 743 714 778 au·
752 730 848 778 namin
866 729 949 779 reteri
961 730 1052 780 codice
1063 744 1096 780 eu
1108 731 1221 782 recondo
1234 733 1282 782 Lu·

185 814 277 864 perure
289 806 318 852 et
328 800 444 854 funditur
459 805 587 867 perimere
599 811 716 868 poeuont,
752 805 805 855 cilii
825 803 971 869 profertur:
988 807 996 834 ‘
1012 806 1046 856 Et
1061 815 1187 868 ruperunt
1202 823 1283 870 urum,

184 877 713 944 quinexstinctaaliquandorenaecantur:
752 881 877 940 miacetur
894 881 986 932 iuuere
1008 881 1107 947 vagor!
1139 883 1190 934 Sed
1210 885 1283 934 locua

185 968 233 1004 nec
241 956 375 1018 genitaleu,
384 964 411 1007 et
421 957 453 1007 ed
461 959 618 1022 gignendum
628 959 716 1020 utiler,
753 957 792 1008 bia
813 965 952 1020 corruptor
972 963 1031 1019 cat;
1062 973 1208 1024 quanquam
1228 959 1283 1010 acio

185 1037 214 1080 et
224 1032 360 1093 minitaret,
378 1040 476 1098 querunt
495 1034 598 1086 easdem
617 1036 643 1084 in
655 1050 713 1099 per·
752 1045 841 1084 urnam
857 1032 889 1082 ad
901 1033 1037 1082 mortualia
1048 1034 1188 1096 pertinere.
1207 1035 1266 1089 rot.

186 1116 291 1170 petuum
310 1121 424 1160 terrare.
441 1111 564 1164 mendose
586 1113 613 1161 in
633 1113 713 1162 omoi-
788 1107 879 1172 Vogor]
897 1109 1014 1173 l'ugituo.
1033 1108 1282 1174 Fertuszvogcrem

186 1182 234 1234 bue
250 1184 295 1234 lib.
311 1185 437 1250 scriptum
455 1193 482 1236 et
501 1186 654 1250 impreaaum
673 1196 715 1238 eat
752 1199 800 1248 pro
829 1185 916 1247 vagitu
942 1185 1027 1248 potuit
1052 1178 1150 1236 Enolm
1175 1186 1221 1236 lib.
1242 1192 1282 1236 ld.

184 1258 312 1310 exitialem.
348 1263 498 1327 legendum
512 1265 714 1328 enitueritiutaa,
751 1260 830 1312 ‘Qui
851 1261 988 1310 clomorem
1011 1260 1167 1324 oppugnatio
1187 1275 1282 1326 tegore

184 1332 212 1383 in
224 1341 296 1386 recto
307 1329 380 1396 'caum
395 1337 479 1390 Laod.
512 1338 591 1389 lliiod
606 1354 658 1390 vro.
674 1345 714 1391 12.
752 1334 865 1386 volenti!
884 1337 919 1386 Et
931 1337 1010 1386 Lucr.
1020 1340 1045 1386 2.
1057 1340 1115 1386 old.
1137 1336 1193 1386 ‘Et
1205 1352 1282 1400 eupe-

184 1410 333 1460 continetur
359 1420 548 1478 argumentum,
577 1415 647 1480 quod
673 1430 715 1464 eu·
751 1411 925 1474 renturitem,
942 1410 1144 1475 miscetur,'duc.
1161 1413 1283 1476 producit

185 1485 273 1547 perine
300 1489 482 1562 consequitur:
513 1490 535 1539 ai
557 1488 631 1541 linita
657 1490 714 1542 uui·
751 1494 847 1538 tentem
858 1488 925 1540 huuc
937 1488 1047 1540 eundern
1057 1489 1172 1538 Lucretii
1183 1503 1282 1540 vertum

184 1561 285 1612 utmodi
304 1561 394 1628 figurae
416 1565 516 1615 nemina
532 1580 716 1631 supponantur,
751 1567 861 1624 Nonius,
878 1566 924 1616 ted
936 1574 1096 1630 corruptum.
1116 1566 1200 1618 ml.

185 1643 240 1686 tum
251 1652 293 1688 rea
306 1654 339 1690 ex
355 1641 385 1690 iia
403 1639 483 1692 finitio
499 1643 637 1694 seminibus
652 1659 714 1696 coo·
754 1683 760 1692 .
783 1646 831 1692 ott
852 1641 1064 1694 Viaeataeieara'elo
1073 1642 1139 1706 orca]
1163 1645 1282 1694 Naacen·

184 1714 296 1779 atitutae,
317 1732 375 1766 cum
394 1719 474 1768 remei
493 1718 584 1771 uolutat
606 1719 713 1784 inerint,
752 1720 888 1772 tm.l.nt.
903 1720 911 1748 ⁸
925 1719 1017 1770 dicein
1035 1720 1139 1770 luminis
1155 1733 1214 1770 oraa
1228 1721 1281 1770 Ex·
1341 1757 1344 1766 .

184 1804 317 1856 uunquam
339 1792 555 1846 immutarentur·
587 1797 615 1850 si
640 1795 714 1846 finite
751 1792 949 1845 oritur.'11umb.

182 1865 282 1917 luerint
310 1869 410 1920 aomina
436 1869 535 1922 sruttre
565 1874 713 1935 generatio·
755 1909 758 1921 ,
783 1870 1281 1936 ureNumedtod·trc.]1.e.ueque

184 1954 243 1992 uem
267 1951 294 1993 et
309 1946 548 2009 augmentationem
565 1961 651 1999 rerum
669 1963 713 1999 ex·
751 1958 802 1994 nox
822 1945 876 1995 ulla
895 1945 947 1996 diei
969 1949 1103 2008 auccearit,
1121 1961 1206 2013 neque
1224 1947 1281 1996 dica

185 2023 357 2080 pecteremua.
390 2019 429 2072 At
446 2020 508 2086 quid
524 2023 622 2072 certina
637 2037 713 2088 quarn
751 2022 820 2071 nilne
842 2031 947 2073 noctem
969 2023 1084 2087 excepit,
1105 2037 1156 2087 quo
1176 2035 1227 2072 uon
1247 2022 1281 2072 eb

184 2108 226 2144 rea
246 2095 310 2145 aliae
329 2097 401 2147 nurci
420 2103 448 2148 et
468 2099 568 2162 eugeri.
588 2100 653 2150 uliaa
675 2100 713 2150 di·
751 2098 835 2148 eltere
860 2106 935 2162 parte
957 2113 1098 2163 puerorum
1118 2099 1281 2150 nascentium

183 2172 264 2222 minui
283 2179 312 2222 et
322 2173 445 2226 interire?
472 2176 548 2226 Unde
564 2177 664 2226 nemina
680 2177 713 2227 ei·
752 2174 1025 2238 rugituaauditureitt
1039 2175 1282 2238 ubeltermoxeo·

182 2247 250 2298 mille
261 2246 351 2312 fignrae
361 2263 468 2301 numeru
478 2250 578 2300 infinita
586 2267 643 2302 erae
651 2267 713 2304 con-
751 2265 807 2300 rum
814 2251 858 2315 qui
865 2258 974 2302 mortem
980 2250 1284 2316 amicorumautpropiu·

182 2323 347 2376 cludendum.
375 2327 471 2376 creert.
507 2327 639 2391 Euitt'dea]
664 2330 714 2380 Eat
750 2329 1109 2392 quornm-lamententur.eo
1134 2328 1280 2392 deplorent.

183 2406 272 2449 rectus
283 2415 368 2464 cucur,
379 2409 408 2451 ut
416 2415 476 2452 mor
490 2418 497 2452 z
514 2403 620 2469 carifici
629 2409 714 2469 motata,
749 2404 848 2471 Atque,
860 2406 1002 2456 utbrerioa
1012 2405 1279 2470 complecter,eodem

183 2476 307 2526 contrarii
316 2478 396 2528 hicce.
416 2478 471 2540 Gis.
750 2478 803 2541 die,
820 2487 848 2530 et
860 2481 951 2530 eudem
969 2491 1056 2544 noete,
1074 2482 1139 2531 aliua
1157 2483 1281 2546 nancitor,

213 2559 264 2605 tto
280 2554 400 2618 Salutem]
418 2555 516 2606 Rerum
524 2557 635 2608 acilicet.
650 2558 712 2608 Ful.
750 2555 815 2605 aliua
827 2555 896 2605 diem
913 2556 969 2606 obit
984 2571 1142 2620 supremum·
1157 2557 1242 2611 unt.

214 2635 262 2682 518
274 2633 558 2698 St'caeguogert'tar,lsc.]
568 2634 713 2699 Sicmquali
780 2636 828 2682 oet
847 2631 910 2682 lttud
926 2633 953 2682 a'u
967 2633 1006 2682 dia
1020 2633 1083 2697 ram]
1103 2637 1180 2684 Nunc
1192 2633 1280 2695 docet,

170 2701 292 2774 '(inqnit)
306 2708 491 2773 principiorum
508 2710 651 2760 certamine
667 2724 712 2760 teu
750 2707 846 2756 nollem
861 2721 917 2756 rem
931 2707 1045 2770 genitam
1061 2722 1112 2758 noo
1128 2709 1279 2773 primordio·

182 2784 274 2847 proelio
286 2785 487 2848 bellumgeritur
498 2786 532 2836 ab
541 2792 638 2836 eterno
648 2794 713 2837 tem·
750 2798 806 2832 rum
814 2796 910 2846 genere
922 2790 1050 2834 constare.
1065 2785 1149 2836 datad.

182 2873 255 2923 pore.
289 2859 359 2909 Nam
377 2874 462 2924 neque
481 2875 524 2910 ree
545 2863 641 2927 genitor
661 2877 713 2914 ma·
784 2857 957 2920 Obrimum]
981 2858 1042 2908 Le·
1059 2859 1189 2910 memorie
1207 2873 1279 2908 man-

181 2942 248 2986 nent
269 2942 384 2998 aeternor,
405 2951 490 3002 neque
510 2937 537 2986 iu
558 2945 712 3002 perpetuom
750 2933 849 2996 dutum,
866 2934 891 2982 iu
903 2941 1012 2996 pectore
1029 2934 1171 2996 conditum.
1187 2936 1280 2992 Trana,

183 3011 338 3073 intercuut;
363 3011 409 3062 aed
432 3020 459 3063 et
477 3027 519 3064 rea
536 3028 594 3076 quoe
617 3014 712 3077 genite
750 3010 813 3058 letio
829 3009 910 3062 docte
927 3024 942 3058 a
963 3009 1057 3060 tabuiir
1068 3010 1231 3074 obrignetir:
1248 3027 1280 3060 ea

182 3095 252 3150 aunt,
269 3087 415 3150 intereunt;
432 3095 460 3138 et
475 3103 532 3152 quar
547 3089 712 3152 interierunt,
749 3085 817 3134 enim
828 3085 966 3148 obriguere
976 3086 1097 3148 aolemut,
1108 3099 1167 3150 que
1179 3085 1212 3136 ab
1223 3087 1280 3137 uilia

182 3172 364 3216 reuuacuntnr.
397 3164 441 3214 lta
456 3164 497 3228 iit,
515 3170 546 3215 ut
562 3179 713 3214 rummare·
750 3161 833 3212 videti
855 3162 982 3222 nolumus,
1002 3175 1114 3226 qumque
1136 3160 1280 3224 diligentia·

181 3255 238 3290 rum
256 3242 292 3290 ait
308 3247 415 3302 eterne,
431 3255 490 3290 cum
510 3255 550 3290 rea
567 3242 711 3303 ringulerea
749 3240 813 3290 aime
833 3237 1005 3290 custodiendo
1021 3251 1080 3288 erae
1096 3243 1225 3304 putemur.
1241 3238 1280 3290 uio

183 3316 300 3380 quotidie
312 3321 452 3366 mercantur
461 3322 490 3366 et
501 3315 652 3379 moriuntur,
662 3315 712 3366 oti·
750 3313 882 3366 Aruobiur
893 3315 1007 3380 loquitor
1018 3313 1085 3364 libro
1093 3317 1117 3363 t.
1129 3313 1188 3364 udo.
1199 3313 1279 3364 (leot.

183 3399 260 3443 entur
271 3401 297 3441 et
308 3391 439 3442 occidunt.
459 3391 540 3443 tamt.
750 3393 758 3422 ‘
770 3393 837 3444 Quia
848 3392 974 3442 fornicem
986 3391 1157 3452 Lucilianum,
1168 3397 1196 3440 et
1207 3391 1279 3440 Mur·

214 3472 262 3518 did
281 3469 444 3532 Contracturae]
469 3469 514 3518 Sic
533 3468 602 3518 idem
621 3467 667 3518 lib.
686 3471 712 3516 d.
749 3481 821 3531 ayant
829 3467 977 3533 Pomponii,
985 3466 1147 3528 obsignatum
1155 3466 1280 3514 memoria

181 3549 238 3596 963·
261 3544 379 3596 ‘Nautte
388 3559 446 3594 oum
455 3545 540 3596 centia
548 3551 712 3596 contractum
750 3543 907 3596 continetis!
923 3543 1278 3603 mot.ntcimor,iteconde

182 3623 415 3676 cernerebeilnm!
437 3623 518 3675 lamb.
750 3623 800 3672 hoc
823 3621 881 3670 imin
901 3618 1028 3670 sensibua.
1050 3618 1226 3682 Virg.Ecl.8.
1238 3623 1281 3670 54.
1366 3629 1378 3646 ·

213 3705 261 3750 tto
283 3700 374 3752 Vitolio
383 3702 473 3765 rernm]
488 3700 512 3749 1.
522 3713 546 3749 e.
557 3713 599 3748 ree
608 3698 711 3750 uiteiea.
751 3697 892 3748 ‘Sentibus
913 3698 971 3746 luceo
997 3695 1067 3758 imia,
1093 3709 1135 3746 rer
1160 3703 1200 3744 ert
1226 3710 1278 3746 non

183 3775 398 3841 quemadmodum
417 3775 487 3840 opud
510 3773 604 3825 Horat.
624 3774 711 3839 Epiat.
750 3789 840 3840 parra,
852 3773 984 3824 reconde.'
1013 3772 1064 3822 Sed
1073 3787 1131 3836 quor
1145 3773 1208 3822 tolia
1217 3780 1280 3820 aunt

182 3851 216 3905 ad
237 3851 365 3914 Soterem,
386 3851 604 3902 l.1t.to.‘tu
626 3850 715 3913 porciu.
750 3857 780 3900 ut
803 3850 957 3910 condentur,
979 3846 1040 3898 fera
1060 3849 1212 3911 plerumque
1233 3847 1278 3896 olm

183 3929 245 3978 vilia
263 3940 350 3978 rerum
362 3925 379 3976 :'
397 3927 414 3977 i.
432 3940 456 3976 e.
479 3939 521 3976 ree
541 3925 622 3976 rlieie.
634 3939 711 3990 quem
750 3927 903 3989 uiguantur;
920 3924 951 3974 liu
966 3921 1067 3982 luidoni
1082 3921 1179 3983 repono
1197 3935 1279 3985 appo·

182 4003 265 4054 locum
282 4015 330 4053 noa
346 4003 373 4052 lu
384 4001 502 4052 omnibus
518 4001 591 4051 libris
603 4015 710 4066 corrup·
750 4003 831 4063 uitur,
842 4003 890 4052 dre.
901 4002 989 4065 itaquo
999 4001 1200 4064 metaphoriceit,
1212 3996 1278 4048 Herc

182 4087 236 4129 tom
247 4079 417 4140 reatitulmua,
427 4092 460 4128 ex
470 4078 627 4128 auctoritate
638 4075 710 4127 cudi·
750 4077 778 4126 in
789 4075 959 4138 auimohebe,
973 4089 1056 4126 aerva.
1073 4075 1133 4125 Ful.
1181 4099 1193 4124 ι

185 4168 243 4206 αιιιι
255 4155 424 4218 manmcript.
443 4154 514 4204 ‘lter
531 4152 641 4202 vituleit’
667 4167 711 4206 au·
782 4157 831 4204 ⁶82
860 4154 895 4202 lit
920 4167 988 4203 meat.
1014 4167 1047 4204 ar.
1071 4151 1117 4215 rm]
1149 4149 1279 4202 Declarat

185 4240 237 4281 tem
250 4231 373 4296 intellige,
388 4244 446 4296 quoe
465 4230 499 4280 ad
516 4229 594 4279 ritem
614 4228 711 4297 uliquid
751 4228 819 4293 qnod
829 4229 963 4280 obacuriuu
972 4227 1085 4291 dixerut,
1092 4227 1141 4286 eod·
1150 4223 1278 4291 lpumaiurt

180 4305 334 4370 conserunt,
346 4314 373 4358 et
382 4307 514 4370 adjurent.
531 4305 615 4357 lamd.
709 4346 712 4355 .
754 4305 833 4356 hott.
