2974 4838
276 307 363 376 1332
626 325 734 382 noun,
758 325 959 376 rnnrouun
985 325 1024 374 ru

272 468 384 530 lescere,
396 471 474 533 etque
484 478 619 518 senescere
630 466 764 531 sentimus,
776 465 802 515 iu
841 474 887 516 ent
909 463 1078 516 rstiocinsmli
1099 465 1151 516 viru
1171 463 1251 514 lrsbet
1277 463 1368 526 enims,

163 563 165 568 ·
272 543 358 594 suirno
369 557 453 606 neque
463 541 657 592 decrementum
669 554 753 606 neque
764 541 802 590 iu·
840 541 1054 605 quemsdrnoduru
1076 542 1146 590 nuris
1168 541 1299 602 sudiendi,
1325 546 1369 588 sot

272 625 431 669 crementum
442 619 606 681 experimur5
617 623 645 666 st
655 629 717 666 vero
728 617 754 666 iu
764 616 803 666 iu-
841 619 929 666 oculus
951 617 1055 668 ridendi
1074 622 1224 675 mutuatur,
1248 628 1336 663 serum
1354 628 1370 661 s

272 691 346 742 fonte
356 706 407 741 nun
419 693 490 755 viget
502 693 612 755 suimus,
628 692 656 741 in
666 705 729 742 sene
740 689 803 740 deli·
840 694 928 756 selpsu
938 692 965 742 id
975 692 1064 754 hebet,
1072 707 1103 743 uc
1114 693 1213 742 idcireo
1221 693 1310 739 mirum
1320 704 1368 738 nou

271 768 323 819 cit:
341 782 393 832 quo
404 768 571 829 urgunrento?
589 781 683 831 nempe
700 767 803 830 ineptus
841 775 890 832 est,
906 768 927 817 si
947 769 1067 831 sejnucts
1085 784 1101 817 s
1118 782 1228 832 corpore
1240 768 1306 817 suris
1318 781 1368 816 uou

272 851 314 894 est
326 857 398 906 puer,
408 850 436 893 et
448 858 529 893 senex
542 842 647 906 deripit.
677 843 803 893 Similiter
841 844 940 906 audiet,
948 857 1030 909 neque
1037 845 1170 908 sejunctus
1178 845 1266 894 oculus
1275 842 1369 904 videet,

272 917 400 968 sutilicem
424 917 607 982 peritissimum
633 918 659 966 iu
686 917 804 967 mocinius
840 925 1187 983 secretsuutemueorpore
1205 933 1276 969 nreus
1292 921 1367 970 intel·

271 997 392 1058 colloces,
409 997 467 1046 slim
482 1010 543 1046 seru
560 1002 649 1060 purtee
666 997 740 1046 letius
750 1010 804 1046 mu·
840 993 905 1057 liget
916 1008 948 1043 ec
958 994 1135 1043 ratiocinetur.

271 1071 355 1121 chinre
366 1072 442 1121 ulmis
453 1070 592 1134 rigescunt,
601 1072 659 1120 slim
668 1072 720 1121 sint
728 1085 802 1135 equo
874 1069 951 1119 Nono
963 1084 979 1118 u
990 1083 1027 1118 vs.
1035 1074 1091 1118 ⁵57.
1103 1065 1141 1118 sd
1147 1084 1184 1118 ru.
1192 1073 1250 1119 578.
1261 1070 1310 1119 lroc
1318 1086 1367 1119 mo·

259 1143 444 1208 'flaridioren
467 1146 621 1197 deteruntur
648 1146 719 1209 slise,
745 1147 803 1198 alise
840 1144 874 1193 do
893 1145 1113 1207 respondendum:
1132 1145 1169 1194 Ut
1180 1144 1240 1194 dum
1253 1145 1367 1195 ridemm

272 1229 359 1272 nutem
382 1224 456 1272 nimir
478 1229 643 1285 turgescunt:
660 1227 687 1270 et
709 1221 803 1272 deinde
840 1220 949 1270 militem
968 1219 1054 1284 gladio
1078 1221 1185 1284 aliisque
1207 1222 1284 1270 sumis
1305 1236 1368 1285 pug-

271 1300 350 1349 stulte
361 1297 514 1361 expectabis
526 1297 657 1346 ordinatos
669 1303 763 1359 motus,
772 1297 802 1345 li·
841 1303 956 1359 usnteru,
966 1311 1016 1345 non
1028 1296 1138 1346 dicimus
1150 1305 1237 1346 tumen
1247 1298 1318 1347 illum
1329 1314 1367 1347 sr-

271 1379 316 1424 uet
328 1375 438 1422 menime
449 1373 567 1422 elaboret
577 1372 748 1435 peritissimus
760 1373 804 1422 ille
840 1371 888 1421 mis
898 1372 1051 1421 destitutum
1063 1385 1114 1420 nou
1131 1386 1206 1435 posse
1218 1373 1319 1436 plsguru
1330 1374 1367 1422 ul·

273 1448 378 1499 nrtiser.
429 1447 533 1497 Deinde
554 1461 630 1496 curus
652 1447 803 1512 luctumque
841 1447 891 1495 lum
903 1445 1011 1507 inferre,
1027 1460 1084 1497 cunr
1104 1461 1194 1496 munus
1212 1447 1295 1497 sdlruc
1309 1463 1370 1512 sup·

271 1523 380 1589 suscipit
396 1524 503 1574 suimus.
536 1523 605 1590 Ergo
619 1529 660 1572 est
670 1523 805 1572 dissolubi·
840 1527 933 1584 petunt
950 1523 1043 1586 quibus
1059 1519 1177 1587 infligere
1193 1523 1260 1572 ictus
1272 1525 1369 1586 possit:

270 1601 318 1650 lis:
336 1599 457 1663 quisuis.
476 1599 541 1662 (uiis
552 1611 603 1648 nou
617 1597 674 1662 jsru
689 1598 805 1649 occurrit
840 1597 878 1646 sic
889 1610 947 1646 cum
961 1597 1045 1647 enimn
1063 1599 1183 1648 membris
1200 1598 1323 1663 nudique,
1341 1605 1370 1648 st

272 1673 353 1739 ustio)
363 1675 449 1724 luctus
460 1681 602 1737 penetrans
621 1678 648 1723 et
660 1688 731 1723 curse
743 1673 804 1722 eds·
841 1672 963 1734 psuoplis
981 1672 1092 1738 quedem
1110 1675 1241 1734 induetur,
1256 1675 1371 1738 organis·

272 1750 576 1814 cerslibisppellsntur.
602 1749 804 1811 Digusmortsli
841 1760 892 1811 que
904 1748 970 1798 sdeo
987 1750 1103 1814 corporis
1122 1750 1206 1799 surius
1223 1748 1369 1800 functicum

271 1833 301 1876 et
318 1838 446 1889 corporeo
460 1825 613 1874 uuimoists
625 1824 803 1875 rstiuuiuntlol
840 1822 927 1885 obest,
944 1823 1078 1874 dicendum
1091 1833 1177 1875 temen
1189 1839 1240 1874 nou
1256 1833 1307 1887 est,
1325 1826 1371 1875 ubi

272 1900 374 1953 Quarto
386 1906 473 1950 sutem
489 1906 641 1963 urguumeutu
656 1901 748 1950 eudem
765 1915 804 1951 re·
840 1896 919 1946 istum
931 1913 1032 1948 omueus
1045 1900 1116 1964 qussrl
1134 1900 1272 1950 militarem
1289 1915 1371 1964 spps-

272 1976 386 2039 spoueio‚
397 1990 455 2039 quse
464 1974 588 2038 secundo,
600 1975 738 2026 sufiefsoit.
841 1978 925 2022 retum
936 1975 1047 2038 exuerit,
1064 1976 1162 2024 nullum
1178 1975 1227 2039 ipsi
1239 1991 1324 2041 neque
1334 1978 1372 2026 in·

304 2050 399 2099 Tribus
417 2049 586 2114 sequentibus
608 2052 767 2115 argumentis
788 2065 805 2100 s
842 2049 975 2112 telligeudi
987 2064 1071 2114 neque
1083 2050 1215 2100 sentiendi
1233 2065 1373 2117 superesse

272 2140 311 2175 rs.
326 2129 384 2175 475.
400 2125 433 2174 sd
453 2140 490 2174 ss.
509 2129 567 2175 624.
584 2127 678 2176 medici
698 2141 803 2190 respon·
840 2121 1008 2176 functionem.

273 2201 516 2266 desut,qusuqusrn
526 2201 561 2252 nil
572 2217 637 2266 opus
647 2208 688 2251 est
696 2216 804 2265 respon·
873 2200 977 2251 Decimi
988 2203 1133 2265 argumenti
1145 2217 1207 2254 sss.
1218 2207 1277 2254 689.
1288 2206 1324 2256 sd
1337 2221 1374 2258 rs.

271 2292 318 2328 so:
332 2290 408 2326 crurs
419 2278 553 2338 vacilleut,
565 2276 697 2327 tardescst
707 2277 803 2342 liugos,
840 2276 897 2322 ⁶9⁰·
918 2274 984 2324 vires
1006 2289 1081 2327 nemo
1103 2279 1308 2342 agnoscendus
1331 2281 1376 2346 qni

271 2353 555 2416 etusteutoculi,quid
567 2353 664 2402 hecsd
676 2353 804 2403 culmum?
839 2349 950 2399 senserit
969 2351 1082 2402 animum
1100 2367 1159 2402 esse
1181 2354 1257 2418 qussl
1277 2353 1376 2406 fuuds·

271 2427 367 2487 surgis
387 2427 500 2490 denique
522 2427 649 2490 gliscunt,
674 2441 756 2491 neque
776 2426 802 2476 ld
839 2431 954 2474 mentum
977 2427 1059 2476 totius
1079 2429 1206 2492 animulis,
1228 2436 1257 2479 et
1274 2445 1376 2496 corpus

271 2505 376 2570 quidem
388 2505 491 2566 mirum,
500 2503 714 2569 qnemdmodum
723 2518 803 2569 qum·
840 2498 924 2547 enimn
935 2507 1055 2566 iniquum
1066 2504 1119 2552 ΙΙῙΘ
1128 2504 1217 2571 {liquo
1225 2507 1330 2557 condiri
1342 2521 1376 2557 M

271 2579 513 2644 tumlilretelioquiu
524 2581 625 2643 peritus
634 2577 712 2630 fuerit
721 2581 802 2630 cithu·
838 2571 931 2624 feteat
943 2583 970 2624 et
981 2583 1123 2640 putrescet.

270 2657 358 2719 rietes,
375 2671 426 2706 nou
445 2657 542 2720 poterit
560 2662 648 2720 tumen
660 2670 709 2705 uou
720 2655 802 2706 disso-
872 2651 1043 2704 Undecimum
1061 2671 1076 2705 s
1092 2670 1130 2706 vs.
1146 2661 1205 2707 nul.
1216 2659 1250 2708 sd
1262 2673 1303 2712 η,
1316 2665 1378 2712 ω5,

270 2740 364 2782 nentes
374 2731 518 2781 cantilena
535 2732 689 2794 exprimere,
706 2733 727 2780 si
744 2747 803 2795 per·
839 2726 902 2775 nihil
921 2729 991 2778 eliud
1009 2737 1049 2779 est
1065 2746 1141 2796 quum
1152 2732 1179 2781 lu
1191 2733 1272 2784 serbo
1283 2737 1381 2799 lusus;

270 2808 374 2859 turnste
402 2805 555 2867 intenderis,
588 2819 619 2855 ec
646 2805 802 2857 distenderis
839 2800 1029 2854 ideoeuimrim
1037 2805 1382 2876 sliqusmrideturlrsbere,

271 2881 379 2933 chordas
388 2880 507 2942 citlrurae,
516 2895 574 2945 quse
585 2881 732 2932 hermonioe
741 2889 802 2933 snte
838 2878 900 2941 quis
914 2879 965 2929 istu
980 2880 1116 2944 spirituum
1127 2881 1241 2933 desectio
1252 2888 1380 2951 sppells·

271 2957 434 3023 pulsabatur.
467 2955 626 3006 Similiterin
640 2956 729 3005 morbo
740 2955 802 3020 Epi·
838 2957 882 3003 tur
891 2956 969 3004 suinri
981 2957 1132 3021 deliquium.

268 3033 369 3096 leptico
380 3037 437 3080 ster
448 3029 493 3080 ille
504 3031 596 3080 humor
606 3045 703 3094 orgsus
715 3031 802 3083 detur·
871 3030 931 3080 Duo
939 3033 1075 3096 sequentis
1083 3049 1099 3082 s
1108 3048 1145 3084 vs.
1153 3039 1210 3085 oue.
1218 3035 1251 3085 uu
1262 3051 1305 3089 rs.
1316 3043 1381 3090 628.

269 3108 327 3172 bst,
344 3113 423 3172 utque
441 3107 501 3157 iude
519 3107 563 3155 isti
575 3112 658 3155 motus
671 3107 802 3171 iucompo·
839 3112 935 3168 negent
945 3107 1055 3157 sulrusm
1067 3110 1140 3158 exire
1152 3125 1226 3175 posse
1238 3113 1382 3180 integrm

270 3184 323 3234 sltl.
359 3183 423 3232 Cum
435 3196 498 3231 sero
515 3195 613 3243 orguuu
632 3187 731 3232 tuntum
747 3181 802 3232 uffi—
839 3181 887 3231 uisi
899 3196 946 3247 per
957 3181 1047 3233 lauces
1059 3185 1202 3248 expiretur,
1221 3201 1271 3238 nec
1282 3190 1385 3240 sbsnr·

269 3259 322 3310 ciet
341 3265 370 3307 et
385 3257 506 3307 debilitet
524 3257 638 3317 morbus,
654 3257 715 3321 quid
732 3257 801 3308 slind
838 3257 871 3306 de
882 3257 997 3322 quidem,
1008 3258 1029 3307 si
1037 3274 1177 3324 corporeus
1186 3259 1254 3312 iuret
1263 3266 1384 3318 suimus.

269 3331 394 3382 restituet
411 3330 559 3380 medicine?
574 3331 716 3394 Septimum
731 3348 747 3381 s
765 3348 802 3385 vs.
838 3333 948 3385 Addunt
960 3335 1065 3399 iusuper
1075 3337 1185 3387 culmum
1194 3337 1316 3392 futurum
1329 3343 1386 3393 dis-

268 3406 801 3458 troadenses.useritsntusmuont·
837 3411 992 3460 solutionem
1014 3418 1173 3464 metuentem
1196 3429 1267 3479 egre
1293 3427 1385 3484 utque

267 3484 310 3536 nis
329 3481 491 3532 membrsrim
507 3481 641 3531 morientis
651 3485 745 3533 sensim
757 3485 801 3535 de·
836 3486 919 3535 invito
929 3489 1017 3547 exire3
1030 3489 1171 3551 respondet
1181 3490 1251 3554 spud
1262 3491 1387 3546 Cicero·

269 3559 349 3610 ficere
357 3568 436 3624 utque
445 3559 564 3609 interire:
577 3561 649 3624 qussi
660 3559 800 3625 frigescere
835 3577 896 3612 uem
905 3559 981 3626 Ceto,
993 3565 1153 3631 ‘Quidquod
1162 3569 1386 3632 cupientissimus

267 3647 320 3683 non
339 3640 447 3698 possunt
466 3641 537 3683 srtus
554 3633 603 3682 nisi
618 3636 703 3686 enims
720 3639 800 3688 etium
835 3639 942 3704 quisque
967 3641 1113 3705 equissimo
1134 3643 1220 3692 euimo
1248 3647 1390 3714 moritur,

270 3709 408 3776 frigescet:
421 3711 727 3774 lrocrerourgunrentum
739 3729 799 3779 sup·
836 3715 1004 3765 stultissimus
1021 3715 1195 3781 iniquissimo?
1214 3719 1321 3772 Nonne
1340 3739 1389 3776 vo·

269 3788 347 3852 ponit
358 3787 468 3837 unimsm
480 3800 629 3851 corporeum
640 3803 696 3839 esse
708 3797 735 3839 et
750 3805 800 3855 per
836 3788 876 3839 bis
888 3789 991 3840 ridetur
1002 3791 1102 3841 unimus
1113 3793 1145 3856 is,
1154 3793 1198 3856 qul
1209 3793 1268 3856 plus
1279 3807 1390 3850 cernat

268 3870 353 3913 totum
365 3876 460 3926 corpus
471 3859 676 3926 diffusumque
686 3867 798 3914 nondum
835 3873 864 3913 et
880 3865 989 3930 lougius,
1006 3866 1131 3916 viderere
1143 3868 1175 3917 sd
1187 3869 1304 3920 meliors
1318 3890 1390 3937 pro.

268 3933 401 4003 proberit,
413 3945 441 3988 et
452 3942 524 3988 certo
535 3939 590 3990 scio
601 3955 676 3990 nemo
687 3955 799 4006 nuquam
834 3938 936 3989 ficisci?
952 3941 1003 3990 Ille
1023 3950 1110 3992 sutem
1126 3943 1201 4006 cujus
1211 3943 1348 3998 obtusior
1360 3967 1391 4001 ι.

268 4013 467 4064 demonstrsbit.
834 4017 897 4078 cies,
920 4031 972 4066 unu
994 4018 1099 4070 ridere?
1120 4018 1246 4084 Equidem
1272 4021 1390 4077 efferor

300 4087 723 4141 Ocmsumevstttadrsddtl.
734 4091 798 4141 nilril
833 4091 921 4140 studio
932 4100 1146 4157 pstresvestros,
1166 4109 1230 4160 quos
1246 4101 1335 4158 colui
1359 4113 1392 4156 et

267 4161 331 4224 ⁸8¹⁸,
345 4176 430 4230 neque
446 4163 515 4215 enlm
532 4163 566 4216 sir
576 4164 627 4215 silo
637 4165 798 4232 intelligendi
833 4165 923 4228 dilexi,
938 4167 1061 4232 ridendi,
1078 4184 1161 4234 neque
1181 4183 1241 4220 vero
1262 4187 1322 4227 σοι
1344 4195 1392 4231 ω.
